
<record>
  <leader>03470cjm a2200685 a 4500</leader>
  <controlfield tag="001">21321730</controlfield>
  <controlfield tag="005">20200102105011.0</controlfield>
  <controlfield tag="007">sd bmmennmplue</controlfield>
  <controlfield tag="008">191205s1964    nyucon|  i        | zxx  </controlfield>
  <datafield tag="906" ind1=" " ind2=" ">
    <subfield code="a">7</subfield>
    <subfield code="b">cbc</subfield>
    <subfield code="c">copycat</subfield>
    <subfield code="d">2</subfield>
    <subfield code="e">ncip</subfield>
    <subfield code="f">20</subfield>
    <subfield code="g">y-soundrec</subfield>
  </datafield>
  <datafield tag="925" ind1="0" ind2=" ">
    <subfield code="a">acquire</subfield>
    <subfield code="b">2 shelf copies</subfield>
    <subfield code="x">policy default</subfield>
  </datafield>
  <datafield tag="955" ind1=" " ind2=" ">
    <subfield code="a">qr27 2019-12-05 z-client</subfield>
    <subfield code="i">qr27 2019-12-05 revised</subfield>
    <subfield code="t">qr27 2019-12-05 added copy 2</subfield>
  </datafield>
  <datafield tag="010" ind1=" " ind2=" ">
    <subfield code="a">r  66000658 </subfield>
  </datafield>
  <datafield tag="028" ind1="0" ind2="2">
    <subfield code="a">H 1019</subfield>
    <subfield code="b">Nonesuch</subfield>
  </datafield>
  <datafield tag="035" ind1=" " ind2=" ">
    <subfield code="a">(OCoLC)ocm05064147</subfield>
  </datafield>
  <datafield tag="040" ind1=" " ind2=" ">
    <subfield code="a">DLC</subfield>
    <subfield code="b">eng</subfield>
    <subfield code="c">NGU</subfield>
    <subfield code="d">OCL</subfield>
    <subfield code="d">OCLCQ</subfield>
    <subfield code="d">OCLCG</subfield>
    <subfield code="d">OCLCF</subfield>
    <subfield code="d">OCLCO</subfield>
    <subfield code="d">OCLCA</subfield>
    <subfield code="d">OCLCQ</subfield>
    <subfield code="d">UMK</subfield>
    <subfield code="d">OCLCO</subfield>
    <subfield code="d">DLC</subfield>
  </datafield>
  <datafield tag="041" ind1="0" ind2=" ">
    <subfield code="g">eng</subfield>
  </datafield>
  <datafield tag="042" ind1=" " ind2=" ">
    <subfield code="a">lccopycat</subfield>
  </datafield>
  <datafield tag="045" ind1=" " ind2=" ">
    <subfield code="a">v3v3</subfield>
  </datafield>
  <datafield tag="050" ind1="0" ind2="0">
    <subfield code="a">Nonesuch H-1019</subfield>
  </datafield>
  <datafield tag="082" ind1="0" ind2="4">
    <subfield code="a">785.6</subfield>
  </datafield>
  <datafield tag="100" ind1="1" ind2=" ">
    <subfield code="a">Bach, Johann Sebastian,</subfield>
    <subfield code="d">1685-1750,</subfield>
    <subfield code="e">composer.</subfield>
  </datafield>
  <datafield tag="240" ind1="1" ind2="0">
    <subfield code="a">Concertos.</subfield>
    <subfield code="k">Selections</subfield>
  </datafield>
  <datafield tag="245" ind1="1" ind2="0">
    <subfield code="a">Four concertos for harpsichord and orchestra.</subfield>
  </datafield>
  <datafield tag="246" ind1="3" ind2=" ">
    <subfield code="a">4 concertos for harpsichord and orchestra</subfield>
  </datafield>
  <datafield tag="260" ind1=" " ind2=" ">
    <subfield code="a">New York, N.Y. :</subfield>
    <subfield code="b">Nonesuch,</subfield>
    <subfield code="c">[1964]</subfield>
  </datafield>
  <datafield tag="300" ind1=" " ind2=" ">
    <subfield code="a">1 audio disc :</subfield>
    <subfield code="b">analog, 33 1/3 rpm, mono ;</subfield>
    <subfield code="c">12 in.</subfield>
  </datafield>
  <datafield tag="306" ind1=" " ind2=" ">
    <subfield code="a">001630</subfield>
    <subfield code="a">001727</subfield>
    <subfield code="a">001933</subfield>
    <subfield code="a">001034</subfield>
  </datafield>
  <datafield tag="336" ind1=" " ind2=" ">
    <subfield code="a">performed music</subfield>
    <subfield code="b">prm</subfield>
    <subfield code="2">rdacontent</subfield>
  </datafield>
  <datafield tag="337" ind1=" " ind2=" ">
    <subfield code="a">audio</subfield>
    <subfield code="b">s</subfield>
    <subfield code="2">rdamedia</subfield>
  </datafield>
  <datafield tag="338" ind1=" " ind2=" ">
    <subfield code="a">audio disc</subfield>
    <subfield code="b">sd</subfield>
    <subfield code="2">rdacarrier</subfield>
  </datafield>
  <datafield tag="340" ind1=" " ind2=" ">
    <subfield code="a">vinyl</subfield>
    <subfield code="2">rdamat</subfield>
  </datafield>
  <datafield tag="344" ind1=" " ind2=" ">
    <subfield code="a">analog</subfield>
    <subfield code="2">rdatr</subfield>
  </datafield>
  <datafield tag="344" ind1=" " ind2=" ">
    <subfield code="c">33 1/3 rpm</subfield>
  </datafield>
  <datafield tag="344" ind1=" " ind2=" ">
    <subfield code="d">microgroove</subfield>
    <subfield code="2">rdagw</subfield>
  </datafield>
  <datafield tag="344" ind1=" " ind2=" ">
    <subfield code="g">mono</subfield>
    <subfield code="2">rdacpc</subfield>
  </datafield>
  <datafield tag="382" ind1="0" ind2="1">
    <subfield code="3">BWV 1062</subfield>
    <subfield code="b">harpsichord</subfield>
    <subfield code="n">2</subfield>
    <subfield code="a">orchestra</subfield>
    <subfield code="e">1</subfield>
    <subfield code="r">2</subfield>
    <subfield code="t">1</subfield>
    <subfield code="2">lcmpt</subfield>
  </datafield>
  <datafield tag="382" ind1="0" ind2="1">
    <subfield code="3">BWV 1063, 1064</subfield>
    <subfield code="b">harpsichord</subfield>
    <subfield code="n">3</subfield>
    <subfield code="a">orchestra</subfield>
    <subfield code="e">1</subfield>
    <subfield code="r">3</subfield>
    <subfield code="t">1</subfield>
    <subfield code="2">lcmpt</subfield>
  </datafield>
  <datafield tag="382" ind1="0" ind2="1">
    <subfield code="3">BWV 1065</subfield>
    <subfield code="b">harpsichord</subfield>
    <subfield code="n">4</subfield>
    <subfield code="a">orchestra</subfield>
    <subfield code="e">1</subfield>
    <subfield code="r">4</subfield>
    <subfield code="t">1</subfield>
    <subfield code="2">lcmpt</subfield>
  </datafield>
  <datafield tag="500" ind1=" " ind2=" ">
    <subfield code="a">Title from disc label.</subfield>
  </datafield>
  <datafield tag="511" ind1="0" ind2=" ">
    <subfield code="a">Fritz Neumeyer, Lily Berger, Konrad Burr (in the 2d-4th works), Ilse Urbuteit (in the 4th work), harpsichords ; Chamber Orchestra of the Sarre ; Karl Ristenpart, conductor.</subfield>
  </datafield>
  <datafield tag="518" ind1=" " ind2=" ">
    <subfield code="o">Recorded by Club Francais du Disque</subfield>
    <subfield code="p">Paris.</subfield>
  </datafield>
  <datafield tag="500" ind1=" " ind2=" ">
    <subfield code="a">Program notes by Edward Tatnall Canby on container.</subfield>
  </datafield>
  <datafield tag="505" ind1="0" ind2=" ">
    <subfield code="a">Concerto in C minor for two harpsichords [BWV 1062] (16:30) -- Concerto in D minor for three harpsichords [BWV 1063] (17:27) -- Concerto in C major for three harpsichords [BWV 1064] (19:33) -- Concerto in A minor for four harpsichords [BWV 1065] (10:34).</subfield>
  </datafield>
  <datafield tag="650" ind1=" " ind2="0">
    <subfield code="a">Concertos (Harpsichords (2) with string orchestra)</subfield>
  </datafield>
  <datafield tag="650" ind1=" " ind2="0">
    <subfield code="a">Concertos (Harpsichord ensemble with string orchestra)</subfield>
  </datafield>
  <datafield tag="650" ind1=" " ind2="7">
    <subfield code="a">Concertos (Harpsichord ensemble with string orchestra)</subfield>
    <subfield code="2">fast</subfield>
    <subfield code="0">(OCoLC)fst01200246</subfield>
  </datafield>
  <datafield tag="650" ind1=" " ind2="7">
    <subfield code="a">Concertos (Harpsichords (2) with string orchestra)</subfield>
    <subfield code="2">fast</subfield>
    <subfield code="0">(OCoLC)fst00873460</subfield>
  </datafield>
  <datafield tag="655" ind1=" " ind2="7">
    <subfield code="a">Concertos.</subfield>
    <subfield code="2">lcgft</subfield>
  </datafield>
  <datafield tag="700" ind1="1" ind2=" ">
    <subfield code="a">Neumeyer, Fritz,</subfield>
    <subfield code="d">1900-1983,</subfield>
    <subfield code="e">instrumentalist.</subfield>
  </datafield>
  <datafield tag="700" ind1="1" ind2=" ">
    <subfield code="a">Berger, Lilly,</subfield>
    <subfield code="e">instrumentalist.</subfield>
  </datafield>
  <datafield tag="700" ind1="1" ind2=" ">
    <subfield code="a">Burr, Konrad,</subfield>
    <subfield code="e">instrumentalist.</subfield>
  </datafield>
  <datafield tag="700" ind1="1" ind2=" ">
    <subfield code="a">Urbuteit, Ilse.</subfield>
    <subfield code="e">instrumentalist.</subfield>
  </datafield>
  <datafield tag="700" ind1="1" ind2=" ">
    <subfield code="a">Ristenpart, Karl,</subfield>
    <subfield code="e">conductor.</subfield>
  </datafield>
  <datafield tag="700" ind1="1" ind2="2">
    <subfield code="i">Container of (work):</subfield>
    <subfield code="a">Bach, Johann Sebastian,</subfield>
    <subfield code="d">1685-1750.</subfield>
    <subfield code="t">Concertos,</subfield>
    <subfield code="m">harpsichords (2), string orchestra,</subfield>
    <subfield code="n">BWV 1062,</subfield>
    <subfield code="r">C minor.</subfield>
  </datafield>
  <datafield tag="700" ind1="1" ind2="2">
    <subfield code="i">Container of (work):</subfield>
    <subfield code="a">Bach, Johann Sebastian,</subfield>
    <subfield code="d">1685-1750.</subfield>
    <subfield code="t">Concertos,</subfield>
    <subfield code="m">harpsichords (3), string orchestra,</subfield>
    <subfield code="n">BWV 1063,</subfield>
    <subfield code="r">D minor.</subfield>
  </datafield>
  <datafield tag="700" ind1="1" ind2="2">
    <subfield code="i">Container of (work):</subfield>
    <subfield code="a">Bach, Johann Sebastian,</subfield>
    <subfield code="d">1685-1750.</subfield>
    <subfield code="t">Concertos,</subfield>
    <subfield code="m">harpsichords (3), string orchestra,</subfield>
    <subfield code="n">BWV 1064,</subfield>
    <subfield code="r">C major.</subfield>
  </datafield>
  <datafield tag="700" ind1="1" ind2="2">
    <subfield code="i">Container of (work):</subfield>
    <subfield code="a">Bach, Johann Sebastian,</subfield>
    <subfield code="d">1685-1750.</subfield>
    <subfield code="t">Concertos,</subfield>
    <subfield code="m">harpsichords (4), string orchestra,</subfield>
    <subfield code="n">BWV 1065,</subfield>
    <subfield code="r">A minor.</subfield>
  </datafield>
  <datafield tag="710" ind1="2" ind2=" ">
    <subfield code="a">Saarländisches Kammerorchester.</subfield>
    <subfield code="4">prf</subfield>
  </datafield>
  <datafield tag="985" ind1=" " ind2=" ">
    <subfield code="a">BibframePilot2</subfield>
    <subfield code="e">20191206</subfield>
  </datafield>
</record>