
<record>
  <leader>02890cjm a22007097i 4500</leader>
  <controlfield tag="001">21322774</controlfield>
  <controlfield tag="005">20200102113336.0</controlfield>
  <controlfield tag="007">sd fsngnnmmned</controlfield>
  <controlfield tag="008">191206p20192018xx fmn|  efi      | zxx d</controlfield>
  <datafield tag="906" ind1=" " ind2=" ">
    <subfield code="a">7</subfield>
    <subfield code="b">cbc</subfield>
    <subfield code="c">copycat</subfield>
    <subfield code="d">2</subfield>
    <subfield code="e">ncip</subfield>
    <subfield code="f">20</subfield>
    <subfield code="g">y-soundrec</subfield>
  </datafield>
  <datafield tag="925" ind1="0" ind2=" ">
    <subfield code="a">acquire</subfield>
    <subfield code="b">2 shelf copies</subfield>
    <subfield code="x">policy default</subfield>
  </datafield>
  <datafield tag="955" ind1=" " ind2=" ">
    <subfield code="a">qr27 2019-12-06 z-client</subfield>
    <subfield code="i">qr27 2019-12-06</subfield>
  </datafield>
  <datafield tag="010" ind1=" " ind2=" ">
    <subfield code="a">  2019656402</subfield>
  </datafield>
  <datafield tag="024" ind1="1" ind2=" ">
    <subfield code="a">747313979820</subfield>
  </datafield>
  <datafield tag="028" ind1="0" ind2="2">
    <subfield code="a">GP798</subfield>
    <subfield code="b">Grand Piano</subfield>
  </datafield>
  <datafield tag="028" ind1="0" ind2="0">
    <subfield code="a">798</subfield>
    <subfield code="b">Grand Piano</subfield>
  </datafield>
  <datafield tag="033" ind1="0" ind2="0">
    <subfield code="a">20180614</subfield>
    <subfield code="b">7064</subfield>
    <subfield code="c">M7</subfield>
  </datafield>
  <datafield tag="035" ind1=" " ind2=" ">
    <subfield code="a">(OCoLC)on1090934050</subfield>
  </datafield>
  <datafield tag="040" ind1=" " ind2=" ">
    <subfield code="a">TDF</subfield>
    <subfield code="b">eng</subfield>
    <subfield code="e">rda</subfield>
    <subfield code="c">TDF</subfield>
    <subfield code="d">OCLCQ</subfield>
    <subfield code="d">UMC</subfield>
    <subfield code="d">OCLCF</subfield>
    <subfield code="d">DLC</subfield>
  </datafield>
  <datafield tag="041" ind1="0" ind2=" ">
    <subfield code="g">eng</subfield>
    <subfield code="g">ger</subfield>
  </datafield>
  <datafield tag="042" ind1=" " ind2=" ">
    <subfield code="a">lccopycat</subfield>
  </datafield>
  <datafield tag="050" ind1="0" ind2="0">
    <subfield code="a">SDD 21432</subfield>
  </datafield>
  <datafield tag="100" ind1="1" ind2=" ">
    <subfield code="a">Tigranyan, Nikoghayos,</subfield>
    <subfield code="d">1856-1951,</subfield>
    <subfield code="e">composer.</subfield>
  </datafield>
  <datafield tag="245" ind1="1" ind2="0">
    <subfield code="a">Armenian folk dances ;</subfield>
    <subfield code="b">Mugan arrangements : opp. 2, 3, 5, 6 and 10 /</subfield>
    <subfield code="c">Tigranian.</subfield>
  </datafield>
  <datafield tag="264" ind1=" " ind2="1">
    <subfield code="a">[Place of publication not identified] :</subfield>
    <subfield code="b">Grand Piano,</subfield>
    <subfield code="c">[2019]</subfield>
  </datafield>
  <datafield tag="264" ind1=" " ind2="2">
    <subfield code="a">[Hong Kong] :</subfield>
    <subfield code="b">Naxos,</subfield>
    <subfield code="c">[2019?]</subfield>
  </datafield>
  <datafield tag="264" ind1=" " ind2="4">
    <subfield code="c">℗2019</subfield>
  </datafield>
  <datafield tag="300" ind1=" " ind2=" ">
    <subfield code="a">1 audio disc (61 min., 18 sec.) :</subfield>
    <subfield code="b">digital ;</subfield>
    <subfield code="c">4 3/4 in.</subfield>
  </datafield>
  <datafield tag="306" ind1=" " ind2=" ">
    <subfield code="a">002617</subfield>
    <subfield code="a">001017</subfield>
    <subfield code="a">000824</subfield>
    <subfield code="a">000330</subfield>
    <subfield code="a">000727</subfield>
    <subfield code="a">000507</subfield>
  </datafield>
  <datafield tag="336" ind1=" " ind2=" ">
    <subfield code="a">performed music</subfield>
    <subfield code="b">prm</subfield>
    <subfield code="2">rdacontent</subfield>
  </datafield>
  <datafield tag="337" ind1=" " ind2=" ">
    <subfield code="a">audio</subfield>
    <subfield code="b">s</subfield>
    <subfield code="2">rdamedia</subfield>
  </datafield>
  <datafield tag="338" ind1=" " ind2=" ">
    <subfield code="a">audio disc</subfield>
    <subfield code="b">sd</subfield>
    <subfield code="2">rdacarrier</subfield>
  </datafield>
  <datafield tag="344" ind1=" " ind2=" ">
    <subfield code="a">digital</subfield>
    <subfield code="b">optical</subfield>
    <subfield code="2">rda</subfield>
  </datafield>
  <datafield tag="344" ind1=" " ind2=" ">
    <subfield code="a">digital</subfield>
    <subfield code="2">rdatr</subfield>
  </datafield>
  <datafield tag="344" ind1=" " ind2=" ">
    <subfield code="b">optical</subfield>
    <subfield code="2">rdarm</subfield>
  </datafield>
  <datafield tag="344" ind1=" " ind2=" ">
    <subfield code="g">stereo</subfield>
    <subfield code="2">rdacpc</subfield>
  </datafield>
  <datafield tag="347" ind1=" " ind2=" ">
    <subfield code="a">audio file</subfield>
    <subfield code="2">rdaft</subfield>
  </datafield>
  <datafield tag="347" ind1=" " ind2=" ">
    <subfield code="b">CD audio</subfield>
  </datafield>
  <datafield tag="370" ind1=" " ind2=" ">
    <subfield code="g">Armenia</subfield>
    <subfield code="g">Iran</subfield>
    <subfield code="2">naf</subfield>
  </datafield>
  <datafield tag="382" ind1="0" ind2="1">
    <subfield code="a">piano</subfield>
    <subfield code="n">1</subfield>
    <subfield code="s">1</subfield>
    <subfield code="2">lcmpt</subfield>
  </datafield>
  <datafield tag="500" ind1=" " ind2=" ">
    <subfield code="a">Title from disc label.</subfield>
  </datafield>
  <datafield tag="511" ind1="0" ind2=" ">
    <subfield code="a">Mikael Ayrapetyan, piano.</subfield>
  </datafield>
  <datafield tag="518" ind1=" " ind2=" ">
    <subfield code="o">Recorded</subfield>
    <subfield code="d">2018 June 14</subfield>
    <subfield code="p">Great Hall of Moscow State Tchaikovsky Conservatory, Russia.</subfield>
  </datafield>
  <datafield tag="500" ind1=" " ind2=" ">
    <subfield code="a">Program notes and biographical notes on the composer and performer in English and German (15 pages : portrait) inserted in container.</subfield>
  </datafield>
  <datafield tag="505" ind1="0" ind2=" ">
    <subfield code="a">Armyanskiye narodnïye tantsï = Armenian folk dances (26:17) -- Bayati-kurd : op. 2 (10:17) -- Bayati-shiraz : op. 3 (8:24) -- Heydari : op. 5 : version for piano (3:30) -- Shakhnaz : op. 6 : version for piano (7:27) -- Nouruz arabi : op. 10 (5:07).</subfield>
  </datafield>
  <datafield tag="650" ind1=" " ind2="0">
    <subfield code="a">Piano music.</subfield>
  </datafield>
  <datafield tag="650" ind1=" " ind2="0">
    <subfield code="a">Piano music, Arranged.</subfield>
  </datafield>
  <datafield tag="650" ind1=" " ind2="0">
    <subfield code="a">Folk music</subfield>
    <subfield code="z">Armenia.</subfield>
  </datafield>
  <datafield tag="650" ind1=" " ind2="0">
    <subfield code="a">Maqām</subfield>
    <subfield code="z">Iran.</subfield>
  </datafield>
  <datafield tag="650" ind1=" " ind2="7">
    <subfield code="a">Folk music.</subfield>
    <subfield code="2">fast</subfield>
    <subfield code="0">(OCoLC)fst00929383</subfield>
  </datafield>
  <datafield tag="650" ind1=" " ind2="7">
    <subfield code="a">Maqām.</subfield>
    <subfield code="2">fast</subfield>
    <subfield code="0">(OCoLC)fst01008826</subfield>
  </datafield>
  <datafield tag="650" ind1=" " ind2="7">
    <subfield code="a">Piano music.</subfield>
    <subfield code="2">fast</subfield>
    <subfield code="0">(OCoLC)fst01063403</subfield>
  </datafield>
  <datafield tag="650" ind1=" " ind2="7">
    <subfield code="a">Piano music, Arranged.</subfield>
    <subfield code="2">fast</subfield>
    <subfield code="0">(OCoLC)fst01063453</subfield>
  </datafield>
  <datafield tag="651" ind1=" " ind2="7">
    <subfield code="a">Asia</subfield>
    <subfield code="z">Armenia.</subfield>
    <subfield code="2">fast</subfield>
    <subfield code="0">(OCoLC)fst01206470</subfield>
  </datafield>
  <datafield tag="651" ind1=" " ind2="7">
    <subfield code="a">Iran.</subfield>
    <subfield code="2">fast</subfield>
    <subfield code="0">(OCoLC)fst01204889</subfield>
  </datafield>
  <datafield tag="655" ind1=" " ind2="7">
    <subfield code="a">Arrangements (Music)</subfield>
    <subfield code="2">fast</subfield>
    <subfield code="0">(OCoLC)fst01920435</subfield>
  </datafield>
  <datafield tag="655" ind1=" " ind2="7">
    <subfield code="a">Folk music.</subfield>
    <subfield code="2">fast</subfield>
    <subfield code="0">(OCoLC)fst01726617</subfield>
  </datafield>
  <datafield tag="655" ind1=" " ind2="7">
    <subfield code="a">Art music.</subfield>
    <subfield code="2">lcgft</subfield>
  </datafield>
  <datafield tag="655" ind1=" " ind2="7">
    <subfield code="a">Folk music.</subfield>
    <subfield code="2">lcgft</subfield>
  </datafield>
  <datafield tag="655" ind1=" " ind2="7">
    <subfield code="a">Folk dance music.</subfield>
    <subfield code="2">lcgft</subfield>
  </datafield>
  <datafield tag="655" ind1=" " ind2="7">
    <subfield code="a">Arrangements (Music)</subfield>
    <subfield code="2">lcgft</subfield>
  </datafield>
  <datafield tag="700" ind1="1" ind2=" ">
    <subfield code="a">Ayrapetyan, Mikael,</subfield>
    <subfield code="d">1984-</subfield>
    <subfield code="e">instrumentalist.</subfield>
  </datafield>
</record>