
<record>
  <leader>02630cam a22005775i 4500</leader>
  <controlfield tag="001">21325849</controlfield>
  <controlfield tag="005">20200102142255.0</controlfield>
  <controlfield tag="008">191209s2018    ja       fr   001 0 jpn c</controlfield>
  <datafield tag="906" ind1=" " ind2=" ">
    <subfield code="a">0</subfield>
    <subfield code="b">ibc</subfield>
    <subfield code="c">pccadap</subfield>
    <subfield code="d">3</subfield>
    <subfield code="e">ncip</subfield>
    <subfield code="f">20</subfield>
    <subfield code="g">y-nonroman</subfield>
  </datafield>
  <datafield tag="925" ind1="0" ind2=" ">
    <subfield code="a">acquire</subfield>
    <subfield code="b">1 shelf copy</subfield>
    <subfield code="x">CP 2019-12-03</subfield>
  </datafield>
  <datafield tag="955" ind1=" " ind2=" ">
    <subfield code="b">cf27 2019-12-09 z-processor JACKPHY</subfield>
    <subfield code="i">cf27 2020-01-02</subfield>
  </datafield>
  <datafield tag="010" ind1=" " ind2=" ">
    <subfield code="a">  2019465679</subfield>
  </datafield>
  <datafield tag="020" ind1=" " ind2=" ">
    <subfield code="a">9784816927362</subfield>
    <subfield code="q">(paperback)</subfield>
  </datafield>
  <datafield tag="020" ind1=" " ind2=" ">
    <subfield code="a">4816927360</subfield>
    <subfield code="q">(paperback)</subfield>
  </datafield>
  <datafield tag="035" ind1=" " ind2=" ">
    <subfield code="a">(OCoLC)on1049982576</subfield>
  </datafield>
  <datafield tag="040" ind1=" " ind2=" ">
    <subfield code="a">JaToTRC</subfield>
    <subfield code="b">eng</subfield>
    <subfield code="e">rda</subfield>
    <subfield code="c">TRCLS</subfield>
    <subfield code="d">OCLCO</subfield>
    <subfield code="d">OCLCQ</subfield>
    <subfield code="d">PUL</subfield>
    <subfield code="d">OCLCF</subfield>
    <subfield code="d">ZCU</subfield>
    <subfield code="d">OCL</subfield>
    <subfield code="d">OCLCO</subfield>
    <subfield code="d">OCLCQ</subfield>
    <subfield code="d">DLC</subfield>
  </datafield>
  <datafield tag="042" ind1=" " ind2=" ">
    <subfield code="a">pcc</subfield>
  </datafield>
  <datafield tag="043" ind1=" " ind2=" ">
    <subfield code="a">a-ja---</subfield>
  </datafield>
  <datafield tag="050" ind1="0" ind2="0">
    <subfield code="a">Z716.6</subfield>
    <subfield code="b">.T665 2018</subfield>
  </datafield>
  <datafield tag="066" ind1=" " ind2=" ">
    <subfield code="c">$1</subfield>
  </datafield>
  <datafield tag="084" ind1=" " ind2=" ">
    <subfield code="a">010.36</subfield>
    <subfield code="2">njb/9</subfield>
  </datafield>
  <datafield tag="245" ind1="0" ind2="0">
    <subfield code="6">880-01</subfield>
    <subfield code="a">Toshokan, shuppan bunka no shō jiten /</subfield>
    <subfield code="c">henshū Nichigai Asoshiētsu Kabushiki Kaisha =</subfield>
    <subfield code="b">A reference guide to awards and prizes of libraries and publication culture / compiled by Nichigai Associates, Inc.</subfield>
  </datafield>
  <datafield tag="880" ind1="0" ind2="0">
    <subfield code="6">245-01/$1</subfield>
    <subfield code="a">図書館・出版文化の賞事典 /</subfield>
    <subfield code="c">編集日外アソシエーツ株式会社 =</subfield>
    <subfield code="b">A reference guide to awards and prizes of libraries and publication culture / compiled by Nichigai Associates, Inc.</subfield>
  </datafield>
  <datafield tag="246" ind1="1" ind2="5">
    <subfield code="a">Reference guide to awards and prizes of libraries and publication culture</subfield>
  </datafield>
  <datafield tag="264" ind1=" " ind2="1">
    <subfield code="6">880-02</subfield>
    <subfield code="a">Tōkyō :</subfield>
    <subfield code="b">Nichigai Asoshiētsu,</subfield>
    <subfield code="c">2018</subfield>
  </datafield>
  <datafield tag="880" ind1=" " ind2="1">
    <subfield code="6">264-02/$1</subfield>
    <subfield code="a">東京 :</subfield>
    <subfield code="b">日外アソシエーツ,</subfield>
    <subfield code="c">2018</subfield>
  </datafield>
  <datafield tag="264" ind1=" " ind2="2">
    <subfield code="6">880-03</subfield>
    <subfield code="a">Tōkyō :</subfield>
    <subfield code="b">Kabushiki Kaisha Kinokuniya Shoten</subfield>
  </datafield>
  <datafield tag="880" ind1=" " ind2="2">
    <subfield code="6">264-03/$1</subfield>
    <subfield code="a">東京 :</subfield>
    <subfield code="b">株式会社紀伊國屋書店</subfield>
  </datafield>
  <datafield tag="300" ind1=" " ind2=" ">
    <subfield code="a">9, 431 pages ;</subfield>
    <subfield code="c">21 cm</subfield>
  </datafield>
  <datafield tag="336" ind1=" " ind2=" ">
    <subfield code="a">text</subfield>
    <subfield code="b">txt</subfield>
    <subfield code="2">rdacontent</subfield>
  </datafield>
  <datafield tag="337" ind1=" " ind2=" ">
    <subfield code="a">unmediated</subfield>
    <subfield code="b">n</subfield>
    <subfield code="2">rdamedia</subfield>
  </datafield>
  <datafield tag="338" ind1=" " ind2=" ">
    <subfield code="a">volume</subfield>
    <subfield code="b">nc</subfield>
    <subfield code="2">rdacarrier</subfield>
  </datafield>
  <datafield tag="380" ind1=" " ind2=" ">
    <subfield code="a">Directories</subfield>
    <subfield code="2">lcgft</subfield>
  </datafield>
  <datafield tag="546" ind1=" " ind2=" ">
    <subfield code="a">Japanese</subfield>
  </datafield>
  <datafield tag="500" ind1=" " ind2=" ">
    <subfield code="a">Parallel title from title page verso</subfield>
  </datafield>
  <datafield tag="500" ind1=" " ind2=" ">
    <subfield code="a">Includes index</subfield>
  </datafield>
  <datafield tag="650" ind1=" " ind2="0">
    <subfield code="a">Libraries and publishing</subfield>
    <subfield code="x">Awards</subfield>
    <subfield code="z">Japan</subfield>
    <subfield code="v">Handbooks, manuals, etc.</subfield>
  </datafield>
  <datafield tag="650" ind1=" " ind2="0">
    <subfield code="a">Libraries and publishing</subfield>
    <subfield code="x">Awards</subfield>
    <subfield code="z">Japan</subfield>
    <subfield code="v">Directories.</subfield>
  </datafield>
  <datafield tag="651" ind1=" " ind2="7">
    <subfield code="a">Japan.</subfield>
    <subfield code="2">fast</subfield>
    <subfield code="0">(OCoLC)fst01204082</subfield>
  </datafield>
  <datafield tag="655" ind1=" " ind2="7">
    <subfield code="a">Directories.</subfield>
    <subfield code="2">fast</subfield>
    <subfield code="0">(OCoLC)fst01423796</subfield>
  </datafield>
  <datafield tag="655" ind1=" " ind2="7">
    <subfield code="a">Bibliography.</subfield>
    <subfield code="2">fast</subfield>
    <subfield code="0">(OCoLC)fst01423717</subfield>
  </datafield>
  <datafield tag="650" ind1="0" ind2="7">
    <subfield code="6">880-04</subfield>
    <subfield code="a">Toshokan-Benran.</subfield>
    <subfield code="2">jlabsh/4</subfield>
  </datafield>
  <datafield tag="880" ind1="0" ind2="4">
    <subfield code="6">650-04/$1</subfield>
    <subfield code="a">図書館-便覧.</subfield>
    <subfield code="2">jlabsh/4</subfield>
  </datafield>
  <datafield tag="650" ind1="0" ind2="7">
    <subfield code="6">880-05</subfield>
    <subfield code="a">Shuppan-Benran.</subfield>
    <subfield code="2">jlabsh/4</subfield>
  </datafield>
  <datafield tag="880" ind1="0" ind2="4">
    <subfield code="6">650-05/$1</subfield>
    <subfield code="a">出版-便覧.</subfield>
    <subfield code="2">jlabsh/4</subfield>
  </datafield>
  <datafield tag="650" ind1="0" ind2="7">
    <subfield code="6">880-06</subfield>
    <subfield code="a">Hyōshō-Benran.</subfield>
    <subfield code="2">jlabsh/4</subfield>
  </datafield>
  <datafield tag="880" ind1="0" ind2="4">
    <subfield code="6">650-06/$1</subfield>
    <subfield code="a">表彰-便覧.</subfield>
    <subfield code="2">jlabsh/4</subfield>
  </datafield>
  <datafield tag="655" ind1=" " ind2="7">
    <subfield code="a">Directories.</subfield>
    <subfield code="2">lcgft</subfield>
  </datafield>
  <datafield tag="710" ind1="2" ind2=" ">
    <subfield code="6">880-07</subfield>
    <subfield code="a">Nichigai Asoshiētsu,</subfield>
    <subfield code="e">editor.</subfield>
  </datafield>
  <datafield tag="880" ind1="2" ind2=" ">
    <subfield code="6">710-07/$1</subfield>
    <subfield code="a">日外アソシエーツ,</subfield>
    <subfield code="e">editor.</subfield>
  </datafield>
  <datafield tag="923" ind1=" " ind2=" ">
    <subfield code="d">20191012</subfield>
    <subfield code="n">122-31899923</subfield>
    <subfield code="s">JPTC</subfield>
  </datafield>
</record>