
<record>
  <leader>04896cjm a2200949 i 4500</leader>
  <controlfield tag="001">21326692</controlfield>
  <controlfield tag="005">20200102114152.0</controlfield>
  <controlfield tag="007">sd fsngnnmmned</controlfield>
  <controlfield tag="008">191209t20182018nyuuun|  dz       | eng d</controlfield>
  <datafield tag="906" ind1=" " ind2=" ">
    <subfield code="a">7</subfield>
    <subfield code="b">cbc</subfield>
    <subfield code="c">copycat</subfield>
    <subfield code="d">2</subfield>
    <subfield code="e">ncip</subfield>
    <subfield code="f">20</subfield>
    <subfield code="g">y-soundrec</subfield>
  </datafield>
  <datafield tag="925" ind1="0" ind2=" ">
    <subfield code="a">acquire</subfield>
    <subfield code="b">2 shelf copies</subfield>
    <subfield code="x">policy default</subfield>
  </datafield>
  <datafield tag="955" ind1=" " ind2=" ">
    <subfield code="a">qr27 2019-12-09 z-client</subfield>
    <subfield code="i">qr27 2019-12-09</subfield>
  </datafield>
  <datafield tag="010" ind1=" " ind2=" ">
    <subfield code="a">  2019656407</subfield>
  </datafield>
  <datafield tag="024" ind1="1" ind2=" ">
    <subfield code="a">713746313920</subfield>
  </datafield>
  <datafield tag="028" ind1="0" ind2="2">
    <subfield code="a">CA21139</subfield>
    <subfield code="b">Cantaloupe Music</subfield>
  </datafield>
  <datafield tag="035" ind1=" " ind2=" ">
    <subfield code="a">(OCoLC)on1036521496</subfield>
  </datafield>
  <datafield tag="040" ind1=" " ind2=" ">
    <subfield code="a">TDF</subfield>
    <subfield code="b">eng</subfield>
    <subfield code="e">rda</subfield>
    <subfield code="c">TDF</subfield>
    <subfield code="d">INU</subfield>
    <subfield code="d">CIA</subfield>
    <subfield code="d">NYP</subfield>
    <subfield code="d">OCLCF</subfield>
    <subfield code="d">OCL</subfield>
    <subfield code="d">CLE</subfield>
    <subfield code="d">TJC</subfield>
    <subfield code="d">DLC</subfield>
  </datafield>
  <datafield tag="041" ind1="0" ind2=" ">
    <subfield code="d">eng</subfield>
    <subfield code="e">eng</subfield>
    <subfield code="g">eng</subfield>
  </datafield>
  <datafield tag="042" ind1=" " ind2=" ">
    <subfield code="a">lccopycat</subfield>
  </datafield>
  <datafield tag="048" ind1=" " ind2=" ">
    <subfield code="b">vn03</subfield>
    <subfield code="a">oz</subfield>
  </datafield>
  <datafield tag="048" ind1=" " ind2=" ">
    <subfield code="a">oz</subfield>
  </datafield>
  <datafield tag="048" ind1=" " ind2=" ">
    <subfield code="a">ka01</subfield>
    <subfield code="a">pn01</subfield>
    <subfield code="a">sa02</subfield>
    <subfield code="a">sb01</subfield>
    <subfield code="a">sc02</subfield>
    <subfield code="a">sd01</subfield>
  </datafield>
  <datafield tag="050" ind1="0" ind2="0">
    <subfield code="a">SDD 31379</subfield>
  </datafield>
  <datafield tag="100" ind1="1" ind2=" ">
    <subfield code="a">Lang, David</subfield>
    <subfield code="q">(David A.),</subfield>
    <subfield code="e">composer.</subfield>
  </datafield>
  <datafield tag="240" ind1="1" ind2="0">
    <subfield code="a">Works.</subfield>
    <subfield code="k">Selections</subfield>
  </datafield>
  <datafield tag="245" ind1="1" ind2="0">
    <subfield code="a">Writing on water /</subfield>
    <subfield code="c">David Lang.</subfield>
  </datafield>
  <datafield tag="264" ind1=" " ind2="1">
    <subfield code="a">Brooklyn, NY :</subfield>
    <subfield code="b">Cantaloupe Music,</subfield>
    <subfield code="c">[2018]</subfield>
  </datafield>
  <datafield tag="264" ind1=" " ind2="4">
    <subfield code="c">℗2018</subfield>
  </datafield>
  <datafield tag="300" ind1=" " ind2=" ">
    <subfield code="a">1 audio disc :</subfield>
    <subfield code="b">digital, CD audio, stereo ;</subfield>
    <subfield code="c">4 3/4 in.</subfield>
  </datafield>
  <datafield tag="306" ind1=" " ind2=" ">
    <subfield code="a">002921</subfield>
    <subfield code="a">001033</subfield>
    <subfield code="a">001015</subfield>
    <subfield code="a">001433</subfield>
  </datafield>
  <datafield tag="336" ind1=" " ind2=" ">
    <subfield code="a">performed music</subfield>
    <subfield code="b">prm</subfield>
    <subfield code="2">rdacontent</subfield>
  </datafield>
  <datafield tag="337" ind1=" " ind2=" ">
    <subfield code="a">audio</subfield>
    <subfield code="b">s</subfield>
    <subfield code="2">rdamedia</subfield>
  </datafield>
  <datafield tag="338" ind1=" " ind2=" ">
    <subfield code="a">audio disc</subfield>
    <subfield code="b">sd</subfield>
    <subfield code="2">rdacarrier</subfield>
  </datafield>
  <datafield tag="340" ind1=" " ind2=" ">
    <subfield code="a">plastic</subfield>
    <subfield code="a">metal</subfield>
    <subfield code="b">4 3/4 in.</subfield>
  </datafield>
  <datafield tag="344" ind1=" " ind2=" ">
    <subfield code="a">digital</subfield>
    <subfield code="2">rdatr</subfield>
  </datafield>
  <datafield tag="344" ind1=" " ind2=" ">
    <subfield code="b">optical</subfield>
    <subfield code="2">rdarm</subfield>
  </datafield>
  <datafield tag="344" ind1=" " ind2=" ">
    <subfield code="g">stereo</subfield>
    <subfield code="2">rdacpc</subfield>
  </datafield>
  <datafield tag="344" ind1=" " ind2=" ">
    <subfield code="c">1.4 m/s</subfield>
  </datafield>
  <datafield tag="347" ind1=" " ind2=" ">
    <subfield code="a">audio file</subfield>
    <subfield code="2">rdaft</subfield>
  </datafield>
  <datafield tag="347" ind1=" " ind2=" ">
    <subfield code="b">CD audio</subfield>
  </datafield>
  <datafield tag="382" ind1="0" ind2="1">
    <subfield code="b">singer</subfield>
    <subfield code="n">3</subfield>
    <subfield code="a">instrumental ensemble</subfield>
    <subfield code="e">1</subfield>
    <subfield code="r">3</subfield>
    <subfield code="t">1</subfield>
    <subfield code="2">lcmpt</subfield>
  </datafield>
  <datafield tag="382" ind1="0" ind2="1">
    <subfield code="a">instrumental ensemble</subfield>
    <subfield code="e">1</subfield>
    <subfield code="t">1</subfield>
    <subfield code="2">lcmpt</subfield>
  </datafield>
  <datafield tag="382" ind1="0" ind2="1">
    <subfield code="a">piano</subfield>
    <subfield code="n">1</subfield>
    <subfield code="a">percussion</subfield>
    <subfield code="n">1</subfield>
    <subfield code="a">violin</subfield>
    <subfield code="n">2</subfield>
    <subfield code="a">viola</subfield>
    <subfield code="n">1</subfield>
    <subfield code="a">cello</subfield>
    <subfield code="n">2</subfield>
    <subfield code="a">double bass</subfield>
    <subfield code="n">1</subfield>
    <subfield code="s">8</subfield>
    <subfield code="2">lcmpt</subfield>
  </datafield>
  <datafield tag="500" ind1=" " ind2=" ">
    <subfield code="a">Title from disc label.</subfield>
  </datafield>
  <datafield tag="546" ind1=" " ind2=" ">
    <subfield code="a">The 1st work sung in English.</subfield>
  </datafield>
  <datafield tag="500" ind1=" " ind2=" ">
    <subfield code="a">The 1st work for vocal trio with instrumental ensemble; the 4th work originally for percussion, cello, and piano with string orchestra, arranged for percussion, cello, and piano with string quartet;</subfield>
  </datafield>
  <datafield tag="500" ind1=" " ind2=" ">
    <subfield code="a">Editions performed: Red Poppy, Ltd, and administered worldwide by G. Schirmer, Inc.</subfield>
  </datafield>
  <datafield tag="500" ind1=" " ind2=" ">
    <subfield code="a">The 1st work commissioned by Lloyds of London in honor of the 200th anniversary of the death of Admiral Lord Nelson in the Battle of Trafalgar.</subfield>
  </datafield>
  <datafield tag="500" ind1=" " ind2=" ">
    <subfield code="a">The 2nd work commissioned by Crash Ensemble.</subfield>
  </datafield>
  <datafield tag="511" ind1="0" ind2=" ">
    <subfield code="a">In the 1st work: Synergy Vocals (Robert Kearley, high baritone ; Richard Halton, baritone ; Alistair Bamford, bass) ; London Sinfonietta ; Jurjan Hempel, conductor. In the 2nd work: Crash Ensemble ; Alan Pierson, conductor. In the 3rd work: Alarm Will Sound ; Alan Pierson, conductor. In the 4th work: Real Quiet (Felix Fan, cello ; Andrew Russo, piano ; David Cossin, percussion) ; Flux Quartet (Tom Chiu, Conrad Harris, violin ; Max Mandel, viola ; Felix Fan, cello ; with Logan Cole, double bass).</subfield>
  </datafield>
  <datafield tag="500" ind1=" " ind2=" ">
    <subfield code="a">Text in English, track list, and credits (12 unnumbered pages) inserted in container.</subfield>
  </datafield>
  <datafield tag="505" ind1="0" ind2=" ">
    <subfield code="a">Writing on water / libretto by Peter Greenaway ; after texts by Shakespeare, Coleridge, Melville (29:21) -- Forced march (10:33) -- Increase (10:15) -- Pierced : version for 8 players (14:33).</subfield>
  </datafield>
  <datafield tag="600" ind1="1" ind2="0">
    <subfield code="a">Nelson, Horatio Nelson,</subfield>
    <subfield code="c">Viscount,</subfield>
    <subfield code="d">1758-1805</subfield>
    <subfield code="v">Songs and music.</subfield>
  </datafield>
  <datafield tag="600" ind1="1" ind2="7">
    <subfield code="a">Nelson, Horatio Nelson,</subfield>
    <subfield code="c">Viscount,</subfield>
    <subfield code="d">1758-1805</subfield>
    <subfield code="2">fast</subfield>
    <subfield code="0">(OCoLC)fst00055570</subfield>
  </datafield>
  <datafield tag="650" ind1=" " ind2="0">
    <subfield code="a">Vocal trios with instrumental ensemble.</subfield>
  </datafield>
  <datafield tag="650" ind1=" " ind2="0">
    <subfield code="a">Instrumental ensembles.</subfield>
  </datafield>
  <datafield tag="650" ind1=" " ind2="0">
    <subfield code="a">Octets (Piano, percussion, violins (2), viola, cellos (2), double bass).</subfield>
  </datafield>
  <datafield tag="650" ind1=" " ind2="7">
    <subfield code="a">Instrumental ensembles.</subfield>
    <subfield code="2">fast</subfield>
    <subfield code="0">(OCoLC)fst00974411</subfield>
  </datafield>
  <datafield tag="650" ind1=" " ind2="7">
    <subfield code="a">Vocal trios with instrumental ensemble.</subfield>
    <subfield code="2">fast</subfield>
    <subfield code="0">(OCoLC)fst01168431</subfield>
  </datafield>
  <datafield tag="655" ind1=" " ind2="7">
    <subfield code="a">Songs and music.</subfield>
    <subfield code="2">fast</subfield>
    <subfield code="0">(OCoLC)fst01985328</subfield>
  </datafield>
  <datafield tag="655" ind1=" " ind2="7">
    <subfield code="a">Chamber music.</subfield>
    <subfield code="2">fast</subfield>
    <subfield code="0">(OCoLC)fst01726551</subfield>
  </datafield>
  <datafield tag="655" ind1=" " ind2="7">
    <subfield code="a">Art music.</subfield>
    <subfield code="2">lcgft</subfield>
  </datafield>
  <datafield tag="655" ind1=" " ind2="7">
    <subfield code="a">Musical theater.</subfield>
    <subfield code="2">lcgft</subfield>
  </datafield>
  <datafield tag="655" ind1=" " ind2="7">
    <subfield code="a">Chamber music.</subfield>
    <subfield code="2">lcgft</subfield>
  </datafield>
  <datafield tag="655" ind1=" " ind2="7">
    <subfield code="a">Songs.</subfield>
    <subfield code="2">lcgft</subfield>
  </datafield>
  <datafield tag="655" ind1=" " ind2="7">
    <subfield code="a">Arrangements (Music)</subfield>
    <subfield code="2">lcgft</subfield>
  </datafield>
  <datafield tag="655" ind1=" " ind2="7">
    <subfield code="a">Art music.</subfield>
    <subfield code="2">fast</subfield>
    <subfield code="0">(OCoLC)fst01920007</subfield>
  </datafield>
  <datafield tag="700" ind1="1" ind2=" ">
    <subfield code="a">Greenaway, Peter,</subfield>
    <subfield code="e">librettist.</subfield>
  </datafield>
  <datafield tag="700" ind1="1" ind2=" ">
    <subfield code="a">Hempel, Jurjen,</subfield>
    <subfield code="e">conductor.</subfield>
  </datafield>
  <datafield tag="700" ind1="1" ind2=" ">
    <subfield code="a">Pierson, Alan,</subfield>
    <subfield code="d">1974-</subfield>
    <subfield code="e">conductor.</subfield>
  </datafield>
  <datafield tag="700" ind1="1" ind2="2">
    <subfield code="i">Container of (work):</subfield>
    <subfield code="a">Lang, David</subfield>
    <subfield code="q">(David A.).</subfield>
    <subfield code="t">Writing on water.</subfield>
  </datafield>
  <datafield tag="700" ind1="1" ind2="2">
    <subfield code="i">Container of (work):</subfield>
    <subfield code="a">Lang, David</subfield>
    <subfield code="q">(David A.).</subfield>
    <subfield code="t">Forced march.</subfield>
  </datafield>
  <datafield tag="700" ind1="1" ind2="2">
    <subfield code="i">Container of (work):</subfield>
    <subfield code="a">Lang, David</subfield>
    <subfield code="q">(David A.).</subfield>
    <subfield code="t">Increase.</subfield>
  </datafield>
  <datafield tag="700" ind1="1" ind2="2">
    <subfield code="i">Container of (expression):</subfield>
    <subfield code="a">Lang, David</subfield>
    <subfield code="q">(David A.).</subfield>
    <subfield code="t">Pierced;</subfield>
    <subfield code="o">arranged.</subfield>
  </datafield>
  <datafield tag="710" ind1="2" ind2=" ">
    <subfield code="a">Synergy Vocals,</subfield>
    <subfield code="e">singer.</subfield>
  </datafield>
  <datafield tag="710" ind1="2" ind2=" ">
    <subfield code="a">London Sinfonietta,</subfield>
    <subfield code="e">instrumentalist.</subfield>
  </datafield>
  <datafield tag="710" ind1="2" ind2=" ">
    <subfield code="a">Crash Ensemble,</subfield>
    <subfield code="e">instrumentalist,</subfield>
    <subfield code="e">commissioning body.</subfield>
  </datafield>
  <datafield tag="710" ind1="2" ind2=" ">
    <subfield code="a">Alarm Will Sound (Musical group),</subfield>
    <subfield code="e">instrumentalist.</subfield>
  </datafield>
  <datafield tag="710" ind1="2" ind2=" ">
    <subfield code="a">Real Quiet (Musical group),</subfield>
    <subfield code="e">instrumentalist.</subfield>
  </datafield>
  <datafield tag="710" ind1="2" ind2=" ">
    <subfield code="a">Flux Quartet,</subfield>
    <subfield code="e">instrumentalist.</subfield>
  </datafield>
  <datafield tag="710" ind1="2" ind2=" ">
    <subfield code="a">Lloyd&apos;s (Firm),</subfield>
    <subfield code="e">commissioning body.</subfield>
  </datafield>
  <datafield tag="856" ind1="7" ind2=" ">
    <subfield code="3">View cover art</subfield>
    <subfield code="u">http://midwesttapes.com/images/movies/000/000/000/012/082/000000000012082569.jpg</subfield>
    <subfield code="2">http</subfield>
  </datafield>
</record>