
<record>
  <leader>02462cjm a2200637 i 4500</leader>
  <controlfield tag="001">21326761</controlfield>
  <controlfield tag="005">20200102114422.0</controlfield>
  <controlfield tag="007">sd fsngnnmmned</controlfield>
  <controlfield tag="008">191209s2010    nyumun|  d        | eng d</controlfield>
  <datafield tag="906" ind1=" " ind2=" ">
    <subfield code="a">7</subfield>
    <subfield code="b">cbc</subfield>
    <subfield code="c">copycat</subfield>
    <subfield code="d">2</subfield>
    <subfield code="e">ncip</subfield>
    <subfield code="f">20</subfield>
    <subfield code="g">y-soundrec</subfield>
  </datafield>
  <datafield tag="925" ind1="0" ind2=" ">
    <subfield code="a">acquire</subfield>
    <subfield code="b">2 shelf copies</subfield>
    <subfield code="x">policy default</subfield>
  </datafield>
  <datafield tag="955" ind1=" " ind2=" ">
    <subfield code="a">qr27 2019-12-09 z-client</subfield>
    <subfield code="i">qr27 2019-12-09</subfield>
  </datafield>
  <datafield tag="010" ind1=" " ind2=" ">
    <subfield code="a">  2019656408</subfield>
  </datafield>
  <datafield tag="024" ind1="1" ind2=" ">
    <subfield code="a">884501301848</subfield>
  </datafield>
  <datafield tag="028" ind1="0" ind2="2">
    <subfield code="a">NWAM020</subfield>
    <subfield code="b">New Amsterdam Records</subfield>
  </datafield>
  <datafield tag="035" ind1=" " ind2=" ">
    <subfield code="a">(OCoLC)ocn654779717</subfield>
  </datafield>
  <datafield tag="040" ind1=" " ind2=" ">
    <subfield code="a">N15</subfield>
    <subfield code="b">eng</subfield>
    <subfield code="e">rda</subfield>
    <subfield code="c">N15</subfield>
    <subfield code="d">OCLCF</subfield>
    <subfield code="d">OCLCO</subfield>
    <subfield code="d">MAC</subfield>
    <subfield code="d">OCLCQ</subfield>
    <subfield code="d">GZM</subfield>
    <subfield code="d">OCL</subfield>
    <subfield code="d">OCLCO</subfield>
    <subfield code="d">OCLCA</subfield>
    <subfield code="d">DLC</subfield>
  </datafield>
  <datafield tag="042" ind1=" " ind2=" ">
    <subfield code="a">lccopycat</subfield>
  </datafield>
  <datafield tag="047" ind1=" " ind2=" ">
    <subfield code="a">pp</subfield>
    <subfield code="a">op</subfield>
  </datafield>
  <datafield tag="050" ind1="0" ind2="0">
    <subfield code="a">SDD 31380</subfield>
  </datafield>
  <datafield tag="100" ind1="1" ind2=" ">
    <subfield code="a">Marks, Matt,</subfield>
    <subfield code="e">composer,</subfield>
    <subfield code="e">singer,</subfield>
    <subfield code="e">instrumentalist.</subfield>
  </datafield>
  <datafield tag="240" ind1="1" ind2="0">
    <subfield code="a">Little death.</subfield>
    <subfield code="n">Vol. 1</subfield>
  </datafield>
  <datafield tag="245" ind1="1" ind2="4">
    <subfield code="a">The little death.</subfield>
    <subfield code="n">Vol. 1 /</subfield>
    <subfield code="c">Matt Marks.</subfield>
  </datafield>
  <datafield tag="264" ind1=" " ind2="1">
    <subfield code="a">[New York] :</subfield>
    <subfield code="b">New Amsterdam Records,</subfield>
    <subfield code="c">[2010]</subfield>
  </datafield>
  <datafield tag="264" ind1=" " ind2="4">
    <subfield code="c">©2010</subfield>
  </datafield>
  <datafield tag="300" ind1=" " ind2=" ">
    <subfield code="a">1 audio disc :</subfield>
    <subfield code="b">digital ;</subfield>
    <subfield code="c">4 3/4 in.</subfield>
  </datafield>
  <datafield tag="336" ind1=" " ind2=" ">
    <subfield code="a">performed music</subfield>
    <subfield code="b">prm</subfield>
    <subfield code="2">rdacontent</subfield>
  </datafield>
  <datafield tag="337" ind1=" " ind2=" ">
    <subfield code="a">audio</subfield>
    <subfield code="b">s</subfield>
    <subfield code="2">rdamedia</subfield>
  </datafield>
  <datafield tag="338" ind1=" " ind2=" ">
    <subfield code="a">audio disc</subfield>
    <subfield code="b">sd</subfield>
    <subfield code="2">rdacarrier</subfield>
  </datafield>
  <datafield tag="344" ind1=" " ind2=" ">
    <subfield code="a">digital</subfield>
    <subfield code="2">rdatr</subfield>
  </datafield>
  <datafield tag="344" ind1=" " ind2=" ">
    <subfield code="c">1.4 m/s</subfield>
  </datafield>
  <datafield tag="344" ind1=" " ind2=" ">
    <subfield code="b">optical</subfield>
    <subfield code="2">rdarm</subfield>
  </datafield>
  <datafield tag="344" ind1=" " ind2=" ">
    <subfield code="g">stereo</subfield>
    <subfield code="2">rdacpc</subfield>
  </datafield>
  <datafield tag="347" ind1=" " ind2=" ">
    <subfield code="a">audio file</subfield>
    <subfield code="2">rdaft</subfield>
  </datafield>
  <datafield tag="347" ind1=" " ind2=" ">
    <subfield code="b">CD audio</subfield>
  </datafield>
  <datafield tag="382" ind1="1" ind2="1">
    <subfield code="a">male voice</subfield>
    <subfield code="n">1</subfield>
    <subfield code="a">female voice</subfield>
    <subfield code="n">1</subfield>
    <subfield code="a">instrument</subfield>
    <subfield code="n">1</subfield>
    <subfield code="2">lcmpt</subfield>
  </datafield>
  <datafield tag="500" ind1=" " ind2=" ">
    <subfield code="a">Pop opera.</subfield>
  </datafield>
  <datafield tag="500" ind1=" " ind2=" ">
    <subfield code="a">Title from container.</subfield>
  </datafield>
  <datafield tag="511" ind1="0" ind2=" ">
    <subfield code="a">Matt Marks (Boy) ; Mellissa Hughes (Girl) ; Matt Marks, instruments ; with additional musicians on some tracks.</subfield>
  </datafield>
  <datafield tag="500" ind1=" " ind2=" ">
    <subfield code="a">All words and lyrics by Matt Marks, except track 6, words and lyrics by William J. Gaither.</subfield>
  </datafield>
  <datafield tag="518" ind1=" " ind2=" ">
    <subfield code="o">Recorded</subfield>
    <subfield code="p">in home studios in Kensington and Park Slope, Brooklyn.</subfield>
  </datafield>
  <datafield tag="500" ind1=" " ind2=" ">
    <subfield code="a">Lyrics inserted in container.</subfield>
  </datafield>
  <datafield tag="505" ind1="0" ind2=" ">
    <subfield code="a">Penetration overture -- OMG I&apos;m shot -- I don&apos;t have any fun -- Dear -- Come boy -- He touched me -- Kinda (go to sleep) -- I like stuff -- Jesus loves you -- Sing -- And you know Jesus.</subfield>
  </datafield>
  <datafield tag="650" ind1=" " ind2="0">
    <subfield code="a">Popular music</subfield>
    <subfield code="y">2001-2010.</subfield>
  </datafield>
  <datafield tag="650" ind1=" " ind2="0">
    <subfield code="a">Operas.</subfield>
  </datafield>
  <datafield tag="650" ind1=" " ind2="0">
    <subfield code="a">Synthpop (Music)</subfield>
  </datafield>
  <datafield tag="650" ind1=" " ind2="7">
    <subfield code="a">Operas.</subfield>
    <subfield code="2">fast</subfield>
    <subfield code="0">(OCoLC)fst01046191</subfield>
  </datafield>
  <datafield tag="650" ind1=" " ind2="7">
    <subfield code="a">Popular music.</subfield>
    <subfield code="2">fast</subfield>
    <subfield code="0">(OCoLC)fst01071422</subfield>
  </datafield>
  <datafield tag="648" ind1=" " ind2="7">
    <subfield code="a">2001 - 2010</subfield>
    <subfield code="2">fast</subfield>
  </datafield>
  <datafield tag="655" ind1=" " ind2="7">
    <subfield code="a">Operas.</subfield>
    <subfield code="2">fast</subfield>
    <subfield code="0">(OCoLC)fst01726688</subfield>
  </datafield>
  <datafield tag="655" ind1=" " ind2="7">
    <subfield code="a">Operas.</subfield>
    <subfield code="2">lcgft</subfield>
  </datafield>
  <datafield tag="655" ind1=" " ind2="7">
    <subfield code="a">Popular music.</subfield>
    <subfield code="2">lcgft</subfield>
  </datafield>
  <datafield tag="655" ind1=" " ind2="7">
    <subfield code="a">Synthpop (Music)</subfield>
    <subfield code="2">lcgft</subfield>
  </datafield>
  <datafield tag="700" ind1="1" ind2=" ">
    <subfield code="a">Hughes, Mellissa,</subfield>
    <subfield code="e">singer.</subfield>
  </datafield>
  <datafield tag="952" ind1=" " ind2=" ">
    <subfield code="a">Vol. 2 remains unfinished.</subfield>
  </datafield>
  <datafield tag="985" ind1=" " ind2=" ">
    <subfield code="a">BibframePilot2</subfield>
    <subfield code="e">20191213</subfield>
  </datafield>
</record>