
<record>
  <leader>05645cjm a2201129 a 4500</leader>
  <controlfield tag="001">21330905</controlfield>
  <controlfield tag="005">20200102120105.0</controlfield>
  <controlfield tag="007">sd fsngnnmmned</controlfield>
  <controlfield tag="008">191210p20082004mnumun|  efhi     | zxx d</controlfield>
  <datafield tag="906" ind1=" " ind2=" ">
    <subfield code="a">7</subfield>
    <subfield code="b">cbc</subfield>
    <subfield code="c">copycat</subfield>
    <subfield code="d">2</subfield>
    <subfield code="e">ncip</subfield>
    <subfield code="f">20</subfield>
    <subfield code="g">y-soundrec</subfield>
  </datafield>
  <datafield tag="925" ind1="0" ind2=" ">
    <subfield code="a">acquire</subfield>
    <subfield code="b">2 shelf copies</subfield>
    <subfield code="x">policy default</subfield>
  </datafield>
  <datafield tag="955" ind1=" " ind2=" ">
    <subfield code="a">qr27 2019-12-10 z-client</subfield>
    <subfield code="i">qr27 2019-12-10</subfield>
  </datafield>
  <datafield tag="010" ind1=" " ind2=" ">
    <subfield code="a">  2019656410</subfield>
  </datafield>
  <datafield tag="024" ind1="1" ind2=" ">
    <subfield code="a">726708670627</subfield>
  </datafield>
  <datafield tag="028" ind1="0" ind2="2">
    <subfield code="a">innova 706</subfield>
    <subfield code="b">Innova Recordings</subfield>
  </datafield>
  <datafield tag="028" ind1="0" ind2="0">
    <subfield code="a">706</subfield>
    <subfield code="b">Innova Recordings</subfield>
  </datafield>
  <datafield tag="033" ind1="2" ind2="0">
    <subfield code="a">20041122</subfield>
    <subfield code="a">20080302</subfield>
  </datafield>
  <datafield tag="035" ind1=" " ind2=" ">
    <subfield code="a">(OCoLC)ocn251261512</subfield>
  </datafield>
  <datafield tag="040" ind1=" " ind2=" ">
    <subfield code="a">BTCTA</subfield>
    <subfield code="b">eng</subfield>
    <subfield code="c">BTCTA</subfield>
    <subfield code="d">STF</subfield>
    <subfield code="d">OBE</subfield>
    <subfield code="d">NUI</subfield>
    <subfield code="d">UWO</subfield>
    <subfield code="d">OCLCO</subfield>
    <subfield code="d">OCLCQ</subfield>
    <subfield code="d">OCLCO</subfield>
    <subfield code="d">BRL</subfield>
    <subfield code="d">OCLCF</subfield>
    <subfield code="d">GZM</subfield>
    <subfield code="d">OCL</subfield>
    <subfield code="d">OCLCO</subfield>
    <subfield code="d">IXA</subfield>
    <subfield code="d">DLC</subfield>
  </datafield>
  <datafield tag="041" ind1="0" ind2=" ">
    <subfield code="g">eng</subfield>
  </datafield>
  <datafield tag="042" ind1=" " ind2=" ">
    <subfield code="a">lccopycat</subfield>
  </datafield>
  <datafield tag="045" ind1="2" ind2=" ">
    <subfield code="b">d1999</subfield>
    <subfield code="b">d2008</subfield>
  </datafield>
  <datafield tag="047" ind1=" " ind2=" ">
    <subfield code="a">vr</subfield>
    <subfield code="a">zz</subfield>
  </datafield>
  <datafield tag="048" ind1=" " ind2=" ">
    <subfield code="a">bb02</subfield>
    <subfield code="a">ba01</subfield>
    <subfield code="a">bd01</subfield>
    <subfield code="a">be01</subfield>
    <subfield code="a">pn01</subfield>
    <subfield code="a">ez01</subfield>
  </datafield>
  <datafield tag="048" ind1=" " ind2=" ">
    <subfield code="a">wb01</subfield>
    <subfield code="a">wg01</subfield>
    <subfield code="a">bb01</subfield>
    <subfield code="a">bd01</subfield>
    <subfield code="a">sa01</subfield>
    <subfield code="a">sc01</subfield>
  </datafield>
  <datafield tag="048" ind1=" " ind2=" ">
    <subfield code="a">pn03</subfield>
  </datafield>
  <datafield tag="048" ind1=" " ind2=" ">
    <subfield code="a">wc01</subfield>
    <subfield code="a">pn01</subfield>
    <subfield code="a">ka01</subfield>
    <subfield code="a">sa01</subfield>
    <subfield code="a">sc01</subfield>
  </datafield>
  <datafield tag="048" ind1=" " ind2=" ">
    <subfield code="a">wa01</subfield>
    <subfield code="a">bb01</subfield>
    <subfield code="a">ka01</subfield>
    <subfield code="a">pn01</subfield>
  </datafield>
  <datafield tag="048" ind1=" " ind2=" ">
    <subfield code="a">ka</subfield>
    <subfield code="a">ka</subfield>
    <subfield code="a">ka</subfield>
    <subfield code="a">ka</subfield>
    <subfield code="a">ka</subfield>
    <subfield code="a">ka</subfield>
    <subfield code="a">ka</subfield>
    <subfield code="a">ka</subfield>
    <subfield code="a">ka</subfield>
    <subfield code="a">ka</subfield>
    <subfield code="a">ka</subfield>
    <subfield code="a">ka</subfield>
    <subfield code="a">ka</subfield>
    <subfield code="a">ka</subfield>
    <subfield code="a">ka</subfield>
    <subfield code="a">ka</subfield>
    <subfield code="a">ka</subfield>
    <subfield code="a">ka</subfield>
  </datafield>
  <datafield tag="048" ind1=" " ind2=" ">
    <subfield code="a">bb01</subfield>
  </datafield>
  <datafield tag="048" ind1=" " ind2=" ">
    <subfield code="a">oz</subfield>
  </datafield>
  <datafield tag="048" ind1=" " ind2=" ">
    <subfield code="a">ka02</subfield>
    <subfield code="a">ez</subfield>
  </datafield>
  <datafield tag="048" ind1=" " ind2=" ">
    <subfield code="a">oa</subfield>
  </datafield>
  <datafield tag="050" ind1="0" ind2="0">
    <subfield code="a">SDD 31383</subfield>
  </datafield>
  <datafield tag="100" ind1="1" ind2=" ">
    <subfield code="a">Applebaum, Mark.</subfield>
  </datafield>
  <datafield tag="240" ind1="1" ind2="0">
    <subfield code="a">Instrumental music.</subfield>
    <subfield code="k">Selections</subfield>
  </datafield>
  <datafield tag="245" ind1="1" ind2="0">
    <subfield code="a">Sock monkey /</subfield>
    <subfield code="c">Mark Applebaum.</subfield>
  </datafield>
  <datafield tag="260" ind1=" " ind2=" ">
    <subfield code="a">St. Paul, MN :</subfield>
    <subfield code="b">Innova Recordings,</subfield>
    <subfield code="c">℗2008.</subfield>
  </datafield>
  <datafield tag="300" ind1=" " ind2=" ">
    <subfield code="a">1 audio disc :</subfield>
    <subfield code="b">digital ;</subfield>
    <subfield code="c">4 3/4 in.</subfield>
  </datafield>
  <datafield tag="306" ind1=" " ind2=" ">
    <subfield code="a">001418</subfield>
    <subfield code="a">000325</subfield>
    <subfield code="a">000346</subfield>
    <subfield code="a">000439</subfield>
    <subfield code="a">000433</subfield>
    <subfield code="a">000609</subfield>
    <subfield code="a">000221</subfield>
    <subfield code="a">001403</subfield>
    <subfield code="a">000853</subfield>
    <subfield code="a">000922</subfield>
  </datafield>
  <datafield tag="336" ind1=" " ind2=" ">
    <subfield code="a">performed music</subfield>
    <subfield code="b">prm</subfield>
    <subfield code="2">rdacontent</subfield>
  </datafield>
  <datafield tag="337" ind1=" " ind2=" ">
    <subfield code="a">audio</subfield>
    <subfield code="b">s</subfield>
    <subfield code="2">rdamedia</subfield>
  </datafield>
  <datafield tag="338" ind1=" " ind2=" ">
    <subfield code="a">audio disc</subfield>
    <subfield code="b">sd</subfield>
    <subfield code="2">rdacarrier</subfield>
  </datafield>
  <datafield tag="344" ind1=" " ind2=" ">
    <subfield code="a">digital</subfield>
    <subfield code="2">rdatr</subfield>
  </datafield>
  <datafield tag="344" ind1=" " ind2=" ">
    <subfield code="b">optical</subfield>
    <subfield code="2">rdarm</subfield>
  </datafield>
  <datafield tag="344" ind1=" " ind2=" ">
    <subfield code="g">stereo</subfield>
    <subfield code="2">rdacpc</subfield>
  </datafield>
  <datafield tag="347" ind1=" " ind2=" ">
    <subfield code="a">audio file</subfield>
    <subfield code="2">rdaft</subfield>
  </datafield>
  <datafield tag="347" ind1=" " ind2=" ">
    <subfield code="b">CD audio</subfield>
  </datafield>
  <datafield tag="500" ind1=" " ind2=" ">
    <subfield code="a">Title from disc label.</subfield>
  </datafield>
  <datafield tag="511" ind1="0" ind2=" ">
    <subfield code="a">Various instrumentalists.</subfield>
  </datafield>
  <datafield tag="518" ind1=" " ind2=" ">
    <subfield code="o">Recorded</subfield>
    <subfield code="p">in various locations</subfield>
    <subfield code="d">between 2004 November 22 and 2008 March 2.</subfield>
  </datafield>
  <datafield tag="500" ind1=" " ind2=" ">
    <subfield code="a">&quot;American Composers Forum&quot;--Container.</subfield>
  </datafield>
  <datafield tag="500" ind1=" " ind2=" ">
    <subfield code="a">Compact disc.</subfield>
  </datafield>
  <datafield tag="500" ind1=" " ind2=" ">
    <subfield code="a">Program notes by the composer and biographical information on the composer and performers in English ([20] p. : facsims., ill., ports.) inserted in container.</subfield>
  </datafield>
  <datafield tag="505" ind1="0" ind2=" ">
    <subfield code="a">Magnetic north : brass quintet, percussion soloist : 2006 (Meridian Arts Ensemble ; Mark Applebaum, solo mouseketier sound sculpture) (14:18) -- The composer&apos;s middle period : oboe, bass clarinet, trumpet, trombone, violin, cello : 2007 (sfSound ; Christopher Jones, conductor) (3:25) -- Theme in search of variations I : percussion trio : 2004 (Florian Conzetti, Christopher Froh, Terry Longshore, percussion ; Christopher Jones, conductor) (3:46) -- Theme in search of variations II : clarinet, percussion, piano, violin, cello : 2007 (sfSound) (4:39) -- Theme in search of variations III : flute, trumpet, piano, percussion : 2008 (Beta Collide) (4:33) -- Variations on Variations on a theme by Mozart : 18 prepared pianos : 2006 (Mark Applebaum, prepared piano) (6:09) -- Entre funérailles I : solo trumpet : 1999 (Brian McWhorter, trumpet) (2:21) -- Martian anthropology [7-9] : crackleboxes, sampler, electric guitar, bricolage drumset, violin, bass clarinet : 2006 (Paul Dresher Ensemble Electro-Acoustic Band) (14:03) -- On the nature of the modern age : piano duo &amp; live electronics : 2005 (Duo Runedako) (8:53) -- Sock monkey : orchestra : 2007 (Stanford Symphony Orchestra ; Jindong Cai, conductor) (9:22).</subfield>
  </datafield>
  <datafield tag="650" ind1=" " ind2="0">
    <subfield code="a">Sextets (Horn, trombone, trumpets (2), tuba, percussion)</subfield>
  </datafield>
  <datafield tag="650" ind1=" " ind2="0">
    <subfield code="a">Sextets (Bass clarinet, oboe, trombone, trumpet, violin, cello)</subfield>
  </datafield>
  <datafield tag="650" ind1=" " ind2="0">
    <subfield code="a">Percussion ensembles.</subfield>
  </datafield>
  <datafield tag="650" ind1=" " ind2="0">
    <subfield code="a">Quartets (Piano, flute, trumpet, percussion)</subfield>
  </datafield>
  <datafield tag="650" ind1=" " ind2="0">
    <subfield code="a">Prepared piano music (Prepared pianos (18))</subfield>
  </datafield>
  <datafield tag="650" ind1=" " ind2="0">
    <subfield code="a">Variations (Prepared pianos (18))</subfield>
  </datafield>
  <datafield tag="650" ind1=" " ind2="0">
    <subfield code="a">Trumpet music.</subfield>
  </datafield>
  <datafield tag="650" ind1=" " ind2="0">
    <subfield code="a">Electronic music.</subfield>
  </datafield>
  <datafield tag="650" ind1=" " ind2="0">
    <subfield code="a">Trios (Piano (4 hands), electronics)</subfield>
  </datafield>
  <datafield tag="650" ind1=" " ind2="0">
    <subfield code="a">Orchestral music.</subfield>
  </datafield>
  <datafield tag="650" ind1=" " ind2="7">
    <subfield code="a">Electronic music.</subfield>
    <subfield code="2">fast</subfield>
    <subfield code="0">(OCoLC)fst00907363</subfield>
  </datafield>
  <datafield tag="650" ind1=" " ind2="7">
    <subfield code="a">Orchestral music.</subfield>
    <subfield code="2">fast</subfield>
    <subfield code="0">(OCoLC)fst01047289</subfield>
  </datafield>
  <datafield tag="650" ind1=" " ind2="7">
    <subfield code="a">Percussion ensembles.</subfield>
    <subfield code="2">fast</subfield>
    <subfield code="0">(OCoLC)fst01057725</subfield>
  </datafield>
  <datafield tag="650" ind1=" " ind2="7">
    <subfield code="a">Sextets (Horn, trombone, trumpets (2), tuba, percussion)</subfield>
    <subfield code="2">fast</subfield>
    <subfield code="0">(OCoLC)fst01114754</subfield>
  </datafield>
  <datafield tag="650" ind1=" " ind2="7">
    <subfield code="a">Trios (Piano (4 hands), electronics)</subfield>
    <subfield code="2">fast</subfield>
    <subfield code="0">(OCoLC)fst01196596</subfield>
  </datafield>
  <datafield tag="650" ind1=" " ind2="7">
    <subfield code="a">Trumpet music.</subfield>
    <subfield code="2">fast</subfield>
    <subfield code="0">(OCoLC)fst01158104</subfield>
  </datafield>
  <datafield tag="655" ind1=" " ind2="7">
    <subfield code="a">Chamber music.</subfield>
    <subfield code="2">fast</subfield>
    <subfield code="0">(OCoLC)fst01726551</subfield>
  </datafield>
  <datafield tag="655" ind1=" " ind2="7">
    <subfield code="a">Chamber music.</subfield>
    <subfield code="2">lcgft</subfield>
  </datafield>
  <datafield tag="655" ind1=" " ind2="7">
    <subfield code="a">Variations (Music)</subfield>
    <subfield code="2">lcgft</subfield>
  </datafield>
  <datafield tag="655" ind1=" " ind2="7">
    <subfield code="a">Art music.</subfield>
    <subfield code="2">lcgft</subfield>
  </datafield>
  <datafield tag="700" ind1="1" ind2=" ">
    <subfield code="a">Applebaum, Mark.</subfield>
    <subfield code="4">itr</subfield>
  </datafield>
  <datafield tag="700" ind1="1" ind2=" ">
    <subfield code="a">Jones, Christopher Wendell.</subfield>
    <subfield code="4">cnd</subfield>
  </datafield>
  <datafield tag="700" ind1="1" ind2=" ">
    <subfield code="a">Conzetti, Florian.</subfield>
    <subfield code="4">itr</subfield>
  </datafield>
  <datafield tag="700" ind1="1" ind2=" ">
    <subfield code="a">Froh, Christopher.</subfield>
    <subfield code="4">itr</subfield>
  </datafield>
  <datafield tag="700" ind1="1" ind2=" ">
    <subfield code="a">Longshore, Terry.</subfield>
    <subfield code="4">itr</subfield>
  </datafield>
  <datafield tag="700" ind1="1" ind2=" ">
    <subfield code="a">McWhorter, Brian.</subfield>
    <subfield code="4">itr</subfield>
  </datafield>
  <datafield tag="700" ind1="1" ind2=" ">
    <subfield code="a">Cai, Jindong.</subfield>
    <subfield code="4">cnd</subfield>
  </datafield>
  <datafield tag="700" ind1="1" ind2="2">
    <subfield code="a">Applebaum, Mark.</subfield>
    <subfield code="t">Magnetic north.</subfield>
  </datafield>
  <datafield tag="700" ind1="1" ind2="2">
    <subfield code="a">Applebaum, Mark.</subfield>
    <subfield code="t">Composer&apos;s middle period.</subfield>
  </datafield>
  <datafield tag="700" ind1="1" ind2="2">
    <subfield code="a">Applebaum, Mark.</subfield>
    <subfield code="t">Theme in search of a variations,</subfield>
    <subfield code="n">no. 1-3.</subfield>
  </datafield>
  <datafield tag="700" ind1="1" ind2="2">
    <subfield code="a">Applebaum, Mark.</subfield>
    <subfield code="t">Variations on variations on a theme by Mozart.</subfield>
  </datafield>
  <datafield tag="700" ind1="1" ind2="2">
    <subfield code="a">Applebaum, Mark.</subfield>
    <subfield code="t">Entre funérailles,</subfield>
    <subfield code="n">no. 1.</subfield>
  </datafield>
  <datafield tag="700" ind1="1" ind2="2">
    <subfield code="a">Applebaum, Mark.</subfield>
    <subfield code="t">Martian anthropology 7, 8, 9.</subfield>
  </datafield>
  <datafield tag="700" ind1="1" ind2="2">
    <subfield code="a">Applebaum, Mark.</subfield>
    <subfield code="t">On the nature of the modern age.</subfield>
  </datafield>
  <datafield tag="700" ind1="1" ind2="2">
    <subfield code="a">Applebaum, Mark.</subfield>
    <subfield code="t">Sock monkey.</subfield>
  </datafield>
  <datafield tag="710" ind1="2" ind2=" ">
    <subfield code="a">Meridian Arts Ensemble.</subfield>
    <subfield code="4">prf</subfield>
  </datafield>
  <datafield tag="710" ind1="2" ind2=" ">
    <subfield code="a">sfSound (Musical group)</subfield>
    <subfield code="4">prf</subfield>
  </datafield>
  <datafield tag="710" ind1="2" ind2=" ">
    <subfield code="a">Beta Collide (Musical group)</subfield>
    <subfield code="4">prf</subfield>
  </datafield>
  <datafield tag="710" ind1="2" ind2=" ">
    <subfield code="a">Paul Dresher Ensemble.</subfield>
    <subfield code="4">prf</subfield>
  </datafield>
  <datafield tag="710" ind1="2" ind2=" ">
    <subfield code="a">Duo Runedako.</subfield>
    <subfield code="4">prf</subfield>
  </datafield>
  <datafield tag="710" ind1="2" ind2=" ">
    <subfield code="a">Stanford Symphony Orchestra.</subfield>
    <subfield code="4">prf</subfield>
  </datafield>
  <datafield tag="710" ind1="2" ind2=" ">
    <subfield code="a">American Composers Forum.</subfield>
  </datafield>
</record>