
<record>
  <leader>02877cam a22003978i 4500</leader>
  <controlfield tag="001">21334493</controlfield>
  <controlfield tag="005">20200102140523.0</controlfield>
  <controlfield tag="008">191117s2019    mau      b    011 0 eng  </controlfield>
  <datafield tag="906" ind1=" " ind2=" ">
    <subfield code="a">7</subfield>
    <subfield code="b">cbc</subfield>
    <subfield code="c">orignew</subfield>
    <subfield code="d">1</subfield>
    <subfield code="e">ecip</subfield>
    <subfield code="f">20</subfield>
    <subfield code="g">y-gencatlg</subfield>
  </datafield>
  <datafield tag="925" ind1="0" ind2=" ">
    <subfield code="a">acquire</subfield>
    <subfield code="b">1 shelf copy</subfield>
    <subfield code="x">policy default</subfield>
  </datafield>
  <datafield tag="955" ind1=" " ind2=" ">
    <subfield code="b">LBSOR 2019-11-17</subfield>
    <subfield code="e">rk21 2020-01-02 to Dewey (telework)</subfield>
    <subfield code="w">xm07 2020-01-02</subfield>
  </datafield>
  <datafield tag="010" ind1=" " ind2=" ">
    <subfield code="a">  2019035888</subfield>
  </datafield>
  <datafield tag="020" ind1=" " ind2=" ">
    <subfield code="a">9780262043991</subfield>
    <subfield code="q">(hardcover)</subfield>
  </datafield>
  <datafield tag="040" ind1=" " ind2=" ">
    <subfield code="a">LBSOR/DLC</subfield>
    <subfield code="b">eng</subfield>
    <subfield code="e">rda</subfield>
    <subfield code="c">DLC</subfield>
  </datafield>
  <datafield tag="042" ind1=" " ind2=" ">
    <subfield code="a">pcc</subfield>
  </datafield>
  <datafield tag="050" ind1="0" ind2="0">
    <subfield code="a">BD418.3</subfield>
    <subfield code="b">.N345 2019</subfield>
  </datafield>
  <datafield tag="082" ind1="0" ind2="0">
    <subfield code="a">191</subfield>
    <subfield code="2">23</subfield>
  </datafield>
  <datafield tag="245" ind1="0" ind2="4">
    <subfield code="a">The natural method :</subfield>
    <subfield code="b">essays on ethics, mind, and self in honor of Owen Flanagan /</subfield>
    <subfield code="c">edited by Eddy Nahmias, Thomas W. Polger, and Wenqing Zhao.</subfield>
  </datafield>
  <datafield tag="263" ind1=" " ind2=" ">
    <subfield code="a">2004</subfield>
  </datafield>
  <datafield tag="264" ind1=" " ind2="1">
    <subfield code="a">Cambridge, Massachusetts :</subfield>
    <subfield code="b">The MIT Press,</subfield>
    <subfield code="c">[2019]</subfield>
  </datafield>
  <datafield tag="300" ind1=" " ind2=" ">
    <subfield code="a">pages cm</subfield>
  </datafield>
  <datafield tag="336" ind1=" " ind2=" ">
    <subfield code="a">text</subfield>
    <subfield code="b">txt</subfield>
    <subfield code="2">rdacontent</subfield>
  </datafield>
  <datafield tag="337" ind1=" " ind2=" ">
    <subfield code="a">unmediated</subfield>
    <subfield code="b">n</subfield>
    <subfield code="2">rdamedia</subfield>
  </datafield>
  <datafield tag="338" ind1=" " ind2=" ">
    <subfield code="a">volume</subfield>
    <subfield code="b">nc</subfield>
    <subfield code="2">rdacarrier</subfield>
  </datafield>
  <datafield tag="504" ind1=" " ind2=" ">
    <subfield code="a">Includes bibliographical references and index.</subfield>
  </datafield>
  <datafield tag="505" ind1="0" ind2=" ">
    <subfield code="a">((Consciousness reconsidered) reconsidered) / Robert Van Gulik -- Domesticating scrupulosity / Robert McCauley and George Graham -- Patients as experienced-based experts in psychiatry : insights from the natural method / Serife Tekin -- Addiction and ultimate concern : Flanagan paired / George Graham -- On the use of the notion of narrative in ethics and psychology / Galen Strawson -- Virtuous women / Peggy DesAutels and Jack Bauer -- Since Morgenbesser : the continuing messiness of the social sciences and some related incoherences / Alasdair MacIntyre -- Why forgiveness is so elusive / David Wong -- Wagging tails and riding elephants : why study non-Western philosophy? / P.J. Ivanhoe.</subfield>
  </datafield>
  <datafield tag="520" ind1=" " ind2=" ">
    <subfield code="a">&quot;This collection offers cutting-edge chapters on themes related to the philosophical work of Owen Flanagan. Flanagan is an influential philosopher in the late 20th and early 21st Century, whose wide-ranging work spans philosophy of mind (especially consciousness, identity, and the self), ethics and moral psychology, comparative philosophy, and philosophical study of psychopathology (especially disorders of self, dreams, and addiction). Flanagan is the author of numerous scholarly and popular articles, and of 10 books. The chapters present proposals for productive interdisciplinary research exploring the mind, ethics, personhood, consciousness, religious cognition, mental disorders, addiction, the narrative self, virtue, the social sciences, forgiveness, or comparative philosophy&quot;--</subfield>
    <subfield code="c">Provided by publisher.</subfield>
  </datafield>
  <datafield tag="600" ind1="1" ind2="0">
    <subfield code="a">Flanagan, Owen J.</subfield>
    <subfield code="x">Influence.</subfield>
  </datafield>
  <datafield tag="650" ind1=" " ind2="0">
    <subfield code="a">Philosophy of mind.</subfield>
  </datafield>
  <datafield tag="650" ind1=" " ind2="0">
    <subfield code="a">Consciousness.</subfield>
  </datafield>
  <datafield tag="650" ind1=" " ind2="0">
    <subfield code="a">Ethics.</subfield>
  </datafield>
  <datafield tag="700" ind1="1" ind2=" ">
    <subfield code="a">Nahmias, Eddy A.,</subfield>
    <subfield code="d">1969-</subfield>
    <subfield code="e">editor.</subfield>
  </datafield>
  <datafield tag="700" ind1="1" ind2=" ">
    <subfield code="a">Polger, Thomas W.,</subfield>
    <subfield code="e">editor.</subfield>
  </datafield>
  <datafield tag="700" ind1="1" ind2=" ">
    <subfield code="a">Zhao, Wenqing,</subfield>
    <subfield code="d">1989-</subfield>
    <subfield code="e">editor.</subfield>
  </datafield>
  <datafield tag="700" ind1="1" ind2=" ">
    <subfield code="a">Flanagan, Owen J.,</subfield>
    <subfield code="e">honoree.</subfield>
  </datafield>
  <datafield tag="985" ind1=" " ind2=" ">
    <subfield code="a">LBSORCIP</subfield>
    <subfield code="d">2019-12-12</subfield>
  </datafield>
</record>