
<record>
  <leader>03874cjm a2200805 a 4500</leader>
  <controlfield tag="001">21334936</controlfield>
  <controlfield tag="005">20200102142237.0</controlfield>
  <controlfield tag="007">sd fsngnnmmned</controlfield>
  <controlfield tag="008">191213s2007    mnuzzn|  dehi     | eng d</controlfield>
  <datafield tag="906" ind1=" " ind2=" ">
    <subfield code="a">7</subfield>
    <subfield code="b">cbc</subfield>
    <subfield code="c">copycat</subfield>
    <subfield code="d">2</subfield>
    <subfield code="e">ncip</subfield>
    <subfield code="f">20</subfield>
    <subfield code="g">y-soundrec</subfield>
  </datafield>
  <datafield tag="925" ind1="0" ind2=" ">
    <subfield code="a">acquire</subfield>
    <subfield code="b">2 shelf copies</subfield>
    <subfield code="x">policy default</subfield>
  </datafield>
  <datafield tag="955" ind1=" " ind2=" ">
    <subfield code="a">qr27 2019-12-13 z-client</subfield>
    <subfield code="i">qr27 2019-12-13</subfield>
  </datafield>
  <datafield tag="010" ind1=" " ind2=" ">
    <subfield code="a">  2019656425</subfield>
  </datafield>
  <datafield tag="024" ind1="1" ind2=" ">
    <subfield code="a">726708669324</subfield>
  </datafield>
  <datafield tag="028" ind1="0" ind2="2">
    <subfield code="a">innova 693</subfield>
    <subfield code="b">Innova</subfield>
  </datafield>
  <datafield tag="028" ind1="0" ind2="0">
    <subfield code="a">693</subfield>
    <subfield code="b">Innova</subfield>
  </datafield>
  <datafield tag="033" ind1="1" ind2="0">
    <subfield code="a">20070503</subfield>
    <subfield code="a">20070920</subfield>
    <subfield code="b">3824</subfield>
    <subfield code="c">P5</subfield>
  </datafield>
  <datafield tag="033" ind1="0" ind2="0">
    <subfield code="a">20070920</subfield>
    <subfield code="b">3904</subfield>
    <subfield code="c">W8</subfield>
  </datafield>
  <datafield tag="033" ind1="0" ind2="0">
    <subfield code="a">20070515</subfield>
    <subfield code="b">4334</subfield>
    <subfield code="c">T4</subfield>
  </datafield>
  <datafield tag="035" ind1=" " ind2=" ">
    <subfield code="a">(OCoLC)ocn213455016</subfield>
  </datafield>
  <datafield tag="040" ind1=" " ind2=" ">
    <subfield code="a">BTCTA</subfield>
    <subfield code="b">eng</subfield>
    <subfield code="c">BTCTA</subfield>
    <subfield code="d">CUS</subfield>
    <subfield code="d">OCLCA</subfield>
    <subfield code="d">OCLCQ</subfield>
    <subfield code="d">NUI</subfield>
    <subfield code="d">EXW</subfield>
    <subfield code="d">OCLCF</subfield>
    <subfield code="d">OCLCQ</subfield>
    <subfield code="d">DLC</subfield>
  </datafield>
  <datafield tag="042" ind1=" " ind2=" ">
    <subfield code="a">lccopycat</subfield>
  </datafield>
  <datafield tag="045" ind1="1" ind2=" ">
    <subfield code="b">d1998</subfield>
    <subfield code="b">d2003</subfield>
    <subfield code="b">d1991</subfield>
    <subfield code="b">d2001</subfield>
    <subfield code="b">d1999</subfield>
  </datafield>
  <datafield tag="048" ind1=" " ind2=" ">
    <subfield code="a">wi04</subfield>
    <subfield code="a">eb</subfield>
  </datafield>
  <datafield tag="048" ind1=" " ind2=" ">
    <subfield code="a">wi01</subfield>
    <subfield code="a">eb</subfield>
  </datafield>
  <datafield tag="048" ind1=" " ind2=" ">
    <subfield code="a">wi04</subfield>
  </datafield>
  <datafield tag="050" ind1="0" ind2="0">
    <subfield code="a">SDD 31089</subfield>
  </datafield>
  <datafield tag="100" ind1="0" ind2=" ">
    <subfield code="a">Jacob TV,</subfield>
    <subfield code="d">1951-</subfield>
  </datafield>
  <datafield tag="240" ind1="1" ind2="0">
    <subfield code="a">Works.</subfield>
    <subfield code="k">Selections</subfield>
  </datafield>
  <datafield tag="245" ind1="1" ind2="0">
    <subfield code="a">Pitch black :</subfield>
    <subfield code="b">music for saxophones /</subfield>
    <subfield code="c">by Jacob TV.</subfield>
  </datafield>
  <datafield tag="260" ind1=" " ind2=" ">
    <subfield code="a">St. Paul, Minn. :</subfield>
    <subfield code="b">Innova,</subfield>
    <subfield code="c">℗2007.</subfield>
  </datafield>
  <datafield tag="300" ind1=" " ind2=" ">
    <subfield code="a">1 audio disc :</subfield>
    <subfield code="b">digital ;</subfield>
    <subfield code="c">4 3/4 in.</subfield>
  </datafield>
  <datafield tag="306" ind1=" " ind2=" ">
    <subfield code="a">001116</subfield>
    <subfield code="a">001108</subfield>
    <subfield code="a">001124</subfield>
    <subfield code="a">000944</subfield>
    <subfield code="a">000714</subfield>
    <subfield code="a">000921</subfield>
  </datafield>
  <datafield tag="336" ind1=" " ind2=" ">
    <subfield code="a">performed music</subfield>
    <subfield code="b">prm</subfield>
    <subfield code="2">rdacontent</subfield>
  </datafield>
  <datafield tag="337" ind1=" " ind2=" ">
    <subfield code="a">audio</subfield>
    <subfield code="b">s</subfield>
    <subfield code="2">rdamedia</subfield>
  </datafield>
  <datafield tag="338" ind1=" " ind2=" ">
    <subfield code="a">audio disc</subfield>
    <subfield code="b">sd</subfield>
    <subfield code="2">rdacarrier</subfield>
  </datafield>
  <datafield tag="344" ind1=" " ind2=" ">
    <subfield code="a">digital</subfield>
    <subfield code="2">rdatr</subfield>
  </datafield>
  <datafield tag="344" ind1=" " ind2=" ">
    <subfield code="b">optical</subfield>
    <subfield code="2">rdarm</subfield>
  </datafield>
  <datafield tag="344" ind1=" " ind2=" ">
    <subfield code="g">stereo</subfield>
    <subfield code="2">rdacpc</subfield>
  </datafield>
  <datafield tag="347" ind1=" " ind2=" ">
    <subfield code="a">audio file</subfield>
    <subfield code="2">rdaft</subfield>
  </datafield>
  <datafield tag="347" ind1=" " ind2=" ">
    <subfield code="b">CD audio</subfield>
  </datafield>
  <datafield tag="382" ind1="0" ind2="1">
    <subfield code="a">saxophone ensemble</subfield>
    <subfield code="e">1</subfield>
    <subfield code="a">pre-recorded audio</subfield>
    <subfield code="2">lcmpt</subfield>
  </datafield>
  <datafield tag="382" ind1="0" ind2="1">
    <subfield code="a">alto saxophone</subfield>
    <subfield code="n">1</subfield>
    <subfield code="a">electronics</subfield>
    <subfield code="2">lcmpt</subfield>
  </datafield>
  <datafield tag="382" ind1="0" ind2="1">
    <subfield code="a">saxophone ensemble</subfield>
    <subfield code="e">1</subfield>
    <subfield code="t">1</subfield>
    <subfield code="2">lcmpt</subfield>
  </datafield>
  <datafield tag="382" ind1="0" ind2="1">
    <subfield code="a">tenor saxophone</subfield>
    <subfield code="n">1</subfield>
    <subfield code="a">electronics</subfield>
    <subfield code="2">lcmpt</subfield>
  </datafield>
  <datafield tag="382" ind1="0" ind2="1">
    <subfield code="a">soprano saxophone</subfield>
    <subfield code="n">1</subfield>
    <subfield code="a">electronics</subfield>
    <subfield code="2">lcmpt</subfield>
  </datafield>
  <datafield tag="500" ind1=" " ind2=" ">
    <subfield code="a">The 1st and 6th works for saxophone quartet and tape; the 2nd work for alto saxophone and tape; the 3rd work for saxophone quartet; the 4th work for tenor saxophone and tape; the 5th work for soprano saxophone and tape.</subfield>
  </datafield>
  <datafield tag="546" ind1=" " ind2=" ">
    <subfield code="a">Tape parts incorporate spoken English.</subfield>
  </datafield>
  <datafield tag="500" ind1=" " ind2=" ">
    <subfield code="a">Tape parts derived from interviews with Chet Baker (1st work) and Billie Holiday (2nd work), from the documentary motion picture Scared straight (4th work), and from recordings of street sounds (6th work); text to the 5th work by William Blake.</subfield>
  </datafield>
  <datafield tag="511" ind1="0" ind2=" ">
    <subfield code="a">Prism Quartet (Timothy McAllister, soprano saxophone ; Zachary Shemon, alto saxophone ; Matthew Levy, tenor saxophone ; Taimur Sullivan, alto and baritone saxophones).</subfield>
  </datafield>
  <datafield tag="518" ind1=" " ind2=" ">
    <subfield code="a">Recorded in 2007 at Sine Studios, Philadelphia, Pa. on May 3 (1st, 3rd, and 6th works) and Sept. 20 (4th work); at Ovation Sound, Winston-Salem, N.C. on Sept. 20 (2nd work); and at Tempest Recording, Tempe, Ariz., May 15 (5th work).</subfield>
  </datafield>
  <datafield tag="500" ind1=" " ind2=" ">
    <subfield code="a">Compact disc.</subfield>
  </datafield>
  <datafield tag="500" ind1=" " ind2=" ">
    <subfield code="a">Includes program notes, biographical information on the composer and texts ([14] p. : port.) inserted in container.</subfield>
  </datafield>
  <datafield tag="505" ind1="0" ind2=" ">
    <subfield code="a">Pitch black (11:16) -- Billie (11:08) -- Postnuclear winterscenario no. 10 (11:42) -- Grab it! (9:44) -- The garden of love (7:14) -- Jesus is coming (9:21).</subfield>
  </datafield>
  <datafield tag="650" ind1=" " ind2="0">
    <subfield code="a">Quintets (Saxophones (4), electronics)</subfield>
  </datafield>
  <datafield tag="650" ind1=" " ind2="0">
    <subfield code="a">Saxophone and electronic music.</subfield>
  </datafield>
  <datafield tag="650" ind1=" " ind2="0">
    <subfield code="a">Woodwind quartets (Saxophones (4))</subfield>
  </datafield>
  <datafield tag="650" ind1=" " ind2="0">
    <subfield code="a">Avant-garde (Music)</subfield>
  </datafield>
  <datafield tag="650" ind1=" " ind2="0">
    <subfield code="a">Mixed media (Music)</subfield>
  </datafield>
  <datafield tag="650" ind1=" " ind2="7">
    <subfield code="a">Quintets (Saxophones (4), electronics)</subfield>
    <subfield code="2">fast</subfield>
    <subfield code="0">(OCoLC)fst01191776</subfield>
  </datafield>
  <datafield tag="650" ind1=" " ind2="7">
    <subfield code="a">Saxophone and electronic music.</subfield>
    <subfield code="2">fast</subfield>
    <subfield code="0">(OCoLC)fst01106193</subfield>
  </datafield>
  <datafield tag="650" ind1=" " ind2="7">
    <subfield code="a">Woodwind quartets (Saxophones (4))</subfield>
    <subfield code="2">fast</subfield>
    <subfield code="0">(OCoLC)fst01179844</subfield>
  </datafield>
  <datafield tag="655" ind1=" " ind2="7">
    <subfield code="a">Chamber music.</subfield>
    <subfield code="2">lcgft</subfield>
  </datafield>
  <datafield tag="700" ind1="0" ind2="2">
    <subfield code="a">Jacob TV,</subfield>
    <subfield code="d">1951-</subfield>
    <subfield code="t">Pitch black.</subfield>
  </datafield>
  <datafield tag="700" ind1="0" ind2="2">
    <subfield code="a">Jacob TV,</subfield>
    <subfield code="d">1951-</subfield>
    <subfield code="t">Billie.</subfield>
  </datafield>
  <datafield tag="700" ind1="0" ind2="2">
    <subfield code="a">Jacob TV,</subfield>
    <subfield code="d">1951-</subfield>
    <subfield code="t">Postnuclear winterscenario,</subfield>
    <subfield code="n">no. 10.</subfield>
  </datafield>
  <datafield tag="700" ind1="0" ind2="2">
    <subfield code="a">Jacob TV,</subfield>
    <subfield code="d">1951-</subfield>
    <subfield code="t">Grab it!</subfield>
  </datafield>
  <datafield tag="700" ind1="0" ind2="2">
    <subfield code="a">Jacob TV,</subfield>
    <subfield code="d">1951-</subfield>
    <subfield code="t">Garden of love.</subfield>
  </datafield>
  <datafield tag="700" ind1="0" ind2="2">
    <subfield code="a">Jacob TV,</subfield>
    <subfield code="d">1951-</subfield>
    <subfield code="t">Jesus is coming.</subfield>
  </datafield>
  <datafield tag="710" ind1="2" ind2=" ">
    <subfield code="a">Prism Quartet.</subfield>
    <subfield code="4">prf</subfield>
  </datafield>
</record>