
<record>
  <leader>01441cam a22003735a 4500</leader>
  <controlfield tag="001">21337204</controlfield>
  <controlfield tag="005">20200102092103.0</controlfield>
  <controlfield tag="008">191216s2019    gw            000 0 eng  </controlfield>
  <datafield tag="906" ind1=" " ind2=" ">
    <subfield code="a">0</subfield>
    <subfield code="b">ibc</subfield>
    <subfield code="c">origres</subfield>
    <subfield code="d">3</subfield>
    <subfield code="e">ncip</subfield>
    <subfield code="f">20</subfield>
    <subfield code="g">y-gencatlg</subfield>
  </datafield>
  <datafield tag="925" ind1="0" ind2=" ">
    <subfield code="a">acquire</subfield>
    <subfield code="b">1 shelf copy</subfield>
    <subfield code="x">policy default</subfield>
  </datafield>
  <datafield tag="955" ind1=" " ind2=" ">
    <subfield code="b">fd10 2019-12-16 z-processor</subfield>
    <subfield code="a">fd00 2020-01-02 to GS/GER</subfield>
  </datafield>
  <datafield tag="010" ind1=" " ind2=" ">
    <subfield code="a">  2019436679</subfield>
  </datafield>
  <datafield tag="020" ind1=" " ind2=" ">
    <subfield code="a">9783339111685</subfield>
  </datafield>
  <datafield tag="020" ind1=" " ind2=" ">
    <subfield code="a">3339111685</subfield>
  </datafield>
  <datafield tag="040" ind1=" " ind2=" ">
    <subfield code="a">DLC</subfield>
    <subfield code="c">DLC</subfield>
  </datafield>
  <datafield tag="041" ind1="0" ind2=" ">
    <subfield code="a">eng</subfield>
    <subfield code="a">ger</subfield>
  </datafield>
  <datafield tag="042" ind1=" " ind2=" ">
    <subfield code="a">pcc</subfield>
  </datafield>
  <datafield tag="245" ind1="0" ind2="0">
    <subfield code="a">Translation Landscapes Internationale Schriften zur Übersetzungswissenschaft</subfield>
    <subfield code="b">Band 3.</subfield>
  </datafield>
  <datafield tag="250" ind1=" " ind2=" ">
    <subfield code="a">1. Auflage</subfield>
  </datafield>
  <datafield tag="263" ind1=" " ind2=" ">
    <subfield code="a">201910</subfield>
  </datafield>
  <datafield tag="264" ind1=" " ind2="1">
    <subfield code="a">Hamburg</subfield>
    <subfield code="b">Kovac, Dr. Verlag</subfield>
    <subfield code="c">2019</subfield>
  </datafield>
  <datafield tag="300" ind1=" " ind2=" ">
    <subfield code="a">250 Seiten</subfield>
    <subfield code="b">2 Illustrationen</subfield>
    <subfield code="c">21 cm x 14.8 cm, 330 g</subfield>
  </datafield>
  <datafield tag="336" ind1=" " ind2=" ">
    <subfield code="a">Text</subfield>
    <subfield code="b">txt</subfield>
    <subfield code="2">rdacontent/ger</subfield>
  </datafield>
  <datafield tag="337" ind1=" " ind2=" ">
    <subfield code="a">ohne Hilfsmittel zu benutzen</subfield>
    <subfield code="b">n</subfield>
    <subfield code="2">rdamedia/ger</subfield>
  </datafield>
  <datafield tag="338" ind1=" " ind2=" ">
    <subfield code="a">Band</subfield>
    <subfield code="b">nc</subfield>
    <subfield code="2">rdacarrier/ger</subfield>
  </datafield>
  <datafield tag="490" ind1="1" ind2=" ">
    <subfield code="a">TRANSLATOLOGIE</subfield>
    <subfield code="v">24</subfield>
  </datafield>
  <datafield tag="700" ind1="1" ind2=" ">
    <subfield code="a">Sulikowski, Piotr</subfield>
    <subfield code="e">Herausgeber</subfield>
    <subfield code="4">edt</subfield>
  </datafield>
  <datafield tag="700" ind1="1" ind2=" ">
    <subfield code="a">Sulikowska, Anna</subfield>
    <subfield code="e">Herausgeber</subfield>
    <subfield code="4">edt</subfield>
  </datafield>
  <datafield tag="700" ind1="1" ind2=" ">
    <subfield code="a">Lesner, Emil</subfield>
    <subfield code="e">Herausgeber</subfield>
    <subfield code="4">edt</subfield>
  </datafield>
  <datafield tag="710" ind1="2" ind2=" ">
    <subfield code="a">Verlag Dr. Kovač</subfield>
    <subfield code="e">Verlag</subfield>
    <subfield code="4">pbl</subfield>
    <subfield code="0">(DE-588)16100321-7</subfield>
    <subfield code="0">http://d-nb.info/gnd/16100321-7</subfield>
    <subfield code="0">(DE-101)1010008951</subfield>
  </datafield>
  <datafield tag="830" ind1=" " ind2="0">
    <subfield code="a">TRANSLATOLOGIE</subfield>
    <subfield code="v">24</subfield>
  </datafield>
  <datafield tag="856" ind1="4" ind2="2">
    <subfield code="m">X:MVB</subfield>
    <subfield code="q">text/html</subfield>
    <subfield code="u">https://www.verlagdrkovac.de/978-3-339-11168-5.htm</subfield>
    <subfield code="3">Ausführliche Beschreibung</subfield>
  </datafield>
  <datafield tag="883" ind1="1" ind2=" ">
    <subfield code="8">1\p</subfield>
    <subfield code="a">maschinell gebildet</subfield>
    <subfield code="d">20190831</subfield>
    <subfield code="q">DE-101</subfield>
  </datafield>
  <datafield tag="923" ind1=" " ind2=" ">
    <subfield code="d">20191024</subfield>
    <subfield code="n">213329</subfield>
    <subfield code="s">93001286</subfield>
  </datafield>
</record>