
<record>
  <leader>07752cam a22005657i 4500</leader>
  <controlfield tag="001">21337395</controlfield>
  <controlfield tag="005">20200102163342.0</controlfield>
  <controlfield tag="008">191216s2019    nyua     b    001 0 eng d</controlfield>
  <datafield tag="906" ind1=" " ind2=" ">
    <subfield code="a">7</subfield>
    <subfield code="b">cbc</subfield>
    <subfield code="c">copycat</subfield>
    <subfield code="d">2</subfield>
    <subfield code="e">ncip</subfield>
    <subfield code="f">20</subfield>
    <subfield code="g">y-gencatlg</subfield>
  </datafield>
  <datafield tag="925" ind1="0" ind2=" ">
    <subfield code="a">acquire</subfield>
    <subfield code="b">1 shelf copy</subfield>
    <subfield code="x">policy default</subfield>
  </datafield>
  <datafield tag="955" ind1=" " ind2=" ">
    <subfield code="b">xn11 2019-12-16 z-processor to USASH</subfield>
    <subfield code="i">rk07 2020-01-02 to BCCD</subfield>
  </datafield>
  <datafield tag="010" ind1=" " ind2=" ">
    <subfield code="a">  2019287020</subfield>
  </datafield>
  <datafield tag="020" ind1=" " ind2=" ">
    <subfield code="a">9781478008088</subfield>
    <subfield code="q">hardcover</subfield>
  </datafield>
  <datafield tag="020" ind1=" " ind2=" ">
    <subfield code="a">1478008083</subfield>
    <subfield code="q">hardcover</subfield>
  </datafield>
  <datafield tag="035" ind1=" " ind2=" ">
    <subfield code="a">(OCoLC)on1090749826</subfield>
  </datafield>
  <datafield tag="040" ind1=" " ind2=" ">
    <subfield code="a">YDX</subfield>
    <subfield code="b">eng</subfield>
    <subfield code="c">YDX</subfield>
    <subfield code="e">rda</subfield>
    <subfield code="d">ZYU</subfield>
    <subfield code="d">OCLCF</subfield>
    <subfield code="d">BDX</subfield>
    <subfield code="d">CBY</subfield>
    <subfield code="d">YDXIT</subfield>
    <subfield code="d">DLC</subfield>
  </datafield>
  <datafield tag="042" ind1=" " ind2=" ">
    <subfield code="a">lccopycat</subfield>
  </datafield>
  <datafield tag="043" ind1=" " ind2=" ">
    <subfield code="a">n-us-ny</subfield>
  </datafield>
  <datafield tag="082" ind1="0" ind2="4">
    <subfield code="a">709.04/0709747</subfield>
    <subfield code="2">23</subfield>
  </datafield>
  <datafield tag="050" ind1="0" ind2="0">
    <subfield code="a">N6498.S58</subfield>
    <subfield code="b">I22 2019</subfield>
  </datafield>
  <datafield tag="245" ind1="0" ind2="0">
    <subfield code="a">I stand in my place with my own day here :</subfield>
    <subfield code="b">site-specific art at The New School /</subfield>
    <subfield code="c">conceived and produced by Silvia Rocciolo, Lydia Matthews, and Eric Stark ; edited by Frances Richard ; a collaboration between The New School Art Collection and Parsons Curatorial Design Research Lab.</subfield>
  </datafield>
  <datafield tag="264" ind1=" " ind2="1">
    <subfield code="a">New York, NY :</subfield>
    <subfield code="b">The New School,</subfield>
    <subfield code="c">[2019]</subfield>
  </datafield>
  <datafield tag="264" ind1=" " ind2="2">
    <subfield code="a">Durham, NC :</subfield>
    <subfield code="b">Distributed worldwide by Duke University Press</subfield>
  </datafield>
  <datafield tag="300" ind1=" " ind2=" ">
    <subfield code="a">303 pages :</subfield>
    <subfield code="b">illustrations (chiefly color) ;</subfield>
    <subfield code="c">28 cm</subfield>
  </datafield>
  <datafield tag="336" ind1=" " ind2=" ">
    <subfield code="a">still image</subfield>
    <subfield code="b">sti</subfield>
    <subfield code="2">rdacontent</subfield>
  </datafield>
  <datafield tag="336" ind1=" " ind2=" ">
    <subfield code="a">text</subfield>
    <subfield code="b">txt</subfield>
    <subfield code="2">rdacontent</subfield>
  </datafield>
  <datafield tag="337" ind1=" " ind2=" ">
    <subfield code="a">unmediated</subfield>
    <subfield code="b">n</subfield>
    <subfield code="2">rdamedia</subfield>
  </datafield>
  <datafield tag="338" ind1=" " ind2=" ">
    <subfield code="a">volume</subfield>
    <subfield code="b">nc</subfield>
    <subfield code="2">rdacarrier</subfield>
  </datafield>
  <datafield tag="500" ind1=" " ind2=" ">
    <subfield code="a">&quot;Published on the occasion of The New School Centennial.&quot;</subfield>
  </datafield>
  <datafield tag="504" ind1=" " ind2=" ">
    <subfield code="a">Includes bibliographical references and index.</subfield>
  </datafield>
  <datafield tag="505" ind1="0" ind2=" ">
    <subfield code="a">Foreword: co-designing a kaleidoscope / Lydia Matthews -- Introduction / Silvia Rocciolo and Eric Stark -- Various, humane, political / Holland Cotter -- Schooled in the new: the arts as social research / Julia L. Foulkes -- Living an learning from the University Center to 66 West 12th Street; or, Arendt in Mar-a-Lago / Reinhold Martin. Alvin Johnson/J.M. Kaplan Hall, 66 West 12th Street. Thomas Hart Benton: America today, 1930-31 : From The New School to The Motropolitan Museum of Art: the odyssey of Thomas Hart Benton&apos;s &quot;Ameria Today&quot; / Randall Griffey -- The ghost of progress past / Luc Sante -- Paid in eggs / Mira Schor. José Clemente Orozco: Call to revolution and table of universal brotherhood (The New School mural cycle), 1930-31 : Orozco&apos;s New School murals: activating revolutionary thought / Anna Indych-López and Lynda Klich -- The chains in Orozco&apos;s murals / Otto Von Busch -- Center of gravity: Orozco / Roberto Tejada. Camilo Egas: Ecuadorian festival, 1932 : A celebration of dance / Michele Greet -- Celebration as resistance / Heather Reyes -- New School desires: &quot;poised precisely between fantasy and reality&quot; / Jasmine Rault. Gonzalo Fonseca: Untitled, 1961 : Gonzalo Fonseca and universality modernism / Edward J. SUllivan -- Solve et coagula / Hugh Raffles -- When a mural is a blueprint / Mónica de la Torre. Martin Puryear + Michael Van Valkenburgh: Vera list courtyard, 1997 : Vera list courtyard: a brief history / Kathleen Goncharov -- Inside out: outside in / Sarah E. Lawrence -- Seats of tension: collaboration, access, security, expression / Laura Y. Liu -- Vera list courtyard and the cultural wars / Olu Oguibe. Dave Muller: Interpolations and extrapolations, 2002-03; Extensions (interpolations and extrapolations), 2008 : INterpolating and extrapolating / Stefano Basilico -- Brand new / Jeffrey Kastner -- Identity interpolated and extrapolated / Jamer Hunt. Arnhold Hall, 55 West 13th Street. Sol LeWitt: Wall drawing #1073, Bars of color (New School), 2003 : #1073 / Tan Lin -- LeWitt&apos;s problem(s) / Jennifer Wilson -- One sentence for Sol LeWitt / Saul Anton. Kara Walker: Event horizon, 2005 : HIstory&apos;s worth of fictions / Mabel O. Wilson -- On Kara Walker&apos;s Event horizon / Maggie Nelson -- Black Atlantis / Naomi Beckwith. Brian Tolle: Threshold, 2006 : The gendle wind doth move visibly / Shannon Mattern -- Unsettled / Victoria Hattam -- Of two minds / Carin Kuoni -- Quiet possibilities of the subjunctive / G.E. Patterson. University Center, 63 Fifth Avenue. Rita McBride: Bells and whistles, 2009-14 : Mnemonics and pneumatics / Robert Kirkbride -- Ringing bells, blowing whistles / Daniel  A. Barber -- Breaking out of school / Elizabeth Ellsworth. Alfredo Jaar: Searching for Africa in Life, 1996/2014 : Searcing blindly / Radhika Subramaniam -- An absence that conjures a presence / Omar Berrada -- Alfredo Jaar: dialectic of sight / Jennifer A. González -- The blink of failure: imagining life in Africa / Tisa Bryant. Glenn Ligon: For comrades and lovers, 2015 : Democractic vistas of space / Carl Hancock Rux -- Among the throng: Glenn Ligon situates Whitman / Wendy S. Walters -- Incantations / Luis Jaramillo -- For comrades and lovers; a dialogue / Claudia Rankine. Agnes Denes: Pascal&apos;s perfect probability pyramid and the people paradox--the predicament (ppppppp), 1980/2016 : In formation / Aruna D&apos;Souza -- The one who is the one who is the one who is not many. Thoughts called forth by Agnes Denes&apos;s Pascal&apos;s perfect probability pyramid and the people paradox--the predicament (ppppppp) -- Agnes Denes: Promethea of paradox / Lucy R. Lippard. &quot;Organized by fascination&quot;: a roundtable conversation on art, institutions, and pedagogy / Carol Becker, Gregg Bordowitz, Pablo Helguera, and Lydia Matthews; moderated by Frances Richard -- Histories of the commissions -- Contributors -- Index.</subfield>
  </datafield>
  <datafield tag="520" ind1=" " ind2=" ">
    <subfield code="a">Features essays by more than fifty renowned international writers who consider thirteen monumental works of art created for The New School between 1930 and the present. The nucleus of The New School&apos;s Art Collection, these commissions--ranking among the finest site-specific works in New York City--range from murals by José Clemente Orozco and Thomas Hart Benton to installations by Agnes Denes, Kara Walker, Alfredo Jaar, Glenn Ligon, Sol LeWitt, and Martin Puryear + Michael Van Valkenburgh, among others.  Providing a kaleidoscopic view into these works, this richly illustrated volume explores each installation through three to four essays written by critics, poets, and scholars from diverse fields including anthropology, mathematics, art history, media studies, and design. Their texts are complemented by three additional essays reflecting on each piece&apos;s art historical significance; the architectural contexts in which the works reside on the university&apos;s campus; and The New School&apos;s relationship to adventurous art practice. Also included is a roundtable discussion among leading arts educators and artists who reflect on the pedagogical potential of a campus-based contemporary art collection. The book&apos;s final section presents a history of each commissioned work, highlighted by archival images never before published.</subfield>
  </datafield>
  <datafield tag="650" ind1=" " ind2="0">
    <subfield code="a">Site-specific art</subfield>
    <subfield code="z">New York (State)</subfield>
    <subfield code="z">New York</subfield>
    <subfield code="y">21st century.</subfield>
  </datafield>
  <datafield tag="650" ind1=" " ind2="0">
    <subfield code="a">Site-specific art</subfield>
    <subfield code="z">New York (State)</subfield>
    <subfield code="z">New York</subfield>
    <subfield code="y">20th century.</subfield>
  </datafield>
  <datafield tag="650" ind1=" " ind2="0">
    <subfield code="a">Art and society.</subfield>
  </datafield>
  <datafield tag="610" ind1="2" ind2="0">
    <subfield code="a">New School University</subfield>
    <subfield code="x">Art collections.</subfield>
  </datafield>
  <datafield tag="610" ind1="2" ind2="7">
    <subfield code="a">New School University.</subfield>
    <subfield code="2">fast</subfield>
    <subfield code="0">(OCoLC)fst00749974</subfield>
  </datafield>
  <datafield tag="650" ind1=" " ind2="7">
    <subfield code="a">Art and society.</subfield>
    <subfield code="2">fast</subfield>
    <subfield code="0">(OCoLC)fst00815432</subfield>
  </datafield>
  <datafield tag="650" ind1=" " ind2="7">
    <subfield code="a">Art museums.</subfield>
    <subfield code="2">fast</subfield>
    <subfield code="0">(OCoLC)fst00815631</subfield>
  </datafield>
  <datafield tag="650" ind1=" " ind2="7">
    <subfield code="a">Site-specific art.</subfield>
    <subfield code="2">fast</subfield>
    <subfield code="0">(OCoLC)fst01119790</subfield>
  </datafield>
  <datafield tag="651" ind1=" " ind2="7">
    <subfield code="a">New York (State)</subfield>
    <subfield code="z">New York.</subfield>
    <subfield code="2">fast</subfield>
    <subfield code="0">(OCoLC)fst01204333</subfield>
  </datafield>
  <datafield tag="648" ind1=" " ind2="7">
    <subfield code="a">1900-2099</subfield>
    <subfield code="2">fast</subfield>
  </datafield>
  <datafield tag="700" ind1="1" ind2=" ">
    <subfield code="a">Rocciolo, Silvia,</subfield>
    <subfield code="e">conceptor.</subfield>
  </datafield>
  <datafield tag="700" ind1="1" ind2=" ">
    <subfield code="a">Matthews, Lydia</subfield>
    <subfield code="c">(Professor of Visual Culture),</subfield>
    <subfield code="e">conceptor.</subfield>
  </datafield>
  <datafield tag="700" ind1="1" ind2=" ">
    <subfield code="a">Stark, Eric</subfield>
    <subfield code="c">(Curator),</subfield>
    <subfield code="e">conceptor.</subfield>
  </datafield>
  <datafield tag="700" ind1="1" ind2=" ">
    <subfield code="a">Richard, Frances</subfield>
    <subfield code="q">(Frances M.),</subfield>
    <subfield code="e">editor.</subfield>
  </datafield>
  <datafield tag="710" ind1="2" ind2=" ">
    <subfield code="a">New School Art Collection,</subfield>
    <subfield code="e">organizer.</subfield>
  </datafield>
  <datafield tag="710" ind1="2" ind2=" ">
    <subfield code="a">Parsons School of Design.</subfield>
    <subfield code="b">Curatorial Design Research Lab,</subfield>
    <subfield code="e">organizer.</subfield>
  </datafield>
  <datafield tag="710" ind1="2" ind2=" ">
    <subfield code="a">New School University,</subfield>
    <subfield code="e">organizer.</subfield>
  </datafield>
  <datafield tag="710" ind1="2" ind2=" ">
    <subfield code="a">Parsons School of Design,</subfield>
    <subfield code="e">organizer.</subfield>
  </datafield>
</record>