
<record>
  <leader>04309cjm a2200817 i 4500</leader>
  <controlfield tag="001">21337450</controlfield>
  <controlfield tag="005">20200102144856.0</controlfield>
  <controlfield tag="007">sd fsngnnmmned</controlfield>
  <controlfield tag="008">191216t20162016mnumun|           | eng d</controlfield>
  <datafield tag="906" ind1=" " ind2=" ">
    <subfield code="a">7</subfield>
    <subfield code="b">cbc</subfield>
    <subfield code="c">copycat</subfield>
    <subfield code="d">2</subfield>
    <subfield code="e">ncip</subfield>
    <subfield code="f">20</subfield>
    <subfield code="g">y-soundrec</subfield>
  </datafield>
  <datafield tag="925" ind1="0" ind2=" ">
    <subfield code="a">acquire</subfield>
    <subfield code="b">2 shelf copies</subfield>
    <subfield code="x">policy default</subfield>
  </datafield>
  <datafield tag="955" ind1=" " ind2=" ">
    <subfield code="a">qr27 2019-12-16 z-client</subfield>
    <subfield code="i">qr27 2019-12-16</subfield>
  </datafield>
  <datafield tag="010" ind1=" " ind2=" ">
    <subfield code="a">  2019656433</subfield>
  </datafield>
  <datafield tag="024" ind1="1" ind2=" ">
    <subfield code="a">726708695224</subfield>
  </datafield>
  <datafield tag="028" ind1="0" ind2="2">
    <subfield code="a">952</subfield>
    <subfield code="b">Innova</subfield>
  </datafield>
  <datafield tag="028" ind1="0" ind2="0">
    <subfield code="a">Innova 952</subfield>
    <subfield code="b">Innova</subfield>
  </datafield>
  <datafield tag="035" ind1=" " ind2=" ">
    <subfield code="a">(OCoLC)ocn953715838</subfield>
  </datafield>
  <datafield tag="040" ind1=" " ind2=" ">
    <subfield code="a">BTCTA</subfield>
    <subfield code="b">eng</subfield>
    <subfield code="e">rda</subfield>
    <subfield code="c">BTCTA</subfield>
    <subfield code="d">PX0</subfield>
    <subfield code="d">TEF</subfield>
    <subfield code="d">TDF</subfield>
    <subfield code="d">GK8</subfield>
    <subfield code="d">OCLCF</subfield>
    <subfield code="d">UIU</subfield>
    <subfield code="d">CUS</subfield>
    <subfield code="d">TUL</subfield>
    <subfield code="d">OCL</subfield>
    <subfield code="d">TOH</subfield>
    <subfield code="d">IOU</subfield>
    <subfield code="d">OCLCQ</subfield>
    <subfield code="d">OCLCO</subfield>
    <subfield code="d">NTG</subfield>
    <subfield code="d">ZQP</subfield>
    <subfield code="d">OCLCO</subfield>
    <subfield code="d">DLC</subfield>
  </datafield>
  <datafield tag="041" ind1="0" ind2=" ">
    <subfield code="d">eng</subfield>
    <subfield code="d">und</subfield>
    <subfield code="d">arc</subfield>
    <subfield code="e">eng</subfield>
    <subfield code="g">eng</subfield>
  </datafield>
  <datafield tag="042" ind1=" " ind2=" ">
    <subfield code="a">lccopycat</subfield>
  </datafield>
  <datafield tag="047" ind1=" " ind2=" ">
    <subfield code="a">rc</subfield>
    <subfield code="a">pp</subfield>
  </datafield>
  <datafield tag="050" ind1="0" ind2="0">
    <subfield code="a">SDD 31399</subfield>
  </datafield>
  <datafield tag="082" ind1="0" ind2="4">
    <subfield code="a">787.4</subfield>
    <subfield code="2">23</subfield>
  </datafield>
  <datafield tag="245" ind1="0" ind2="0">
    <subfield code="a">TranceClassical /</subfield>
    <subfield code="c">Maya Beiser.</subfield>
  </datafield>
  <datafield tag="246" ind1="3" ind2=" ">
    <subfield code="a">Trance classical</subfield>
  </datafield>
  <datafield tag="264" ind1=" " ind2="1">
    <subfield code="a">[St. Paul, Minnesota] :</subfield>
    <subfield code="b">Innova,</subfield>
    <subfield code="c">[2016]</subfield>
  </datafield>
  <datafield tag="264" ind1=" " ind2="4">
    <subfield code="c">℗2016</subfield>
  </datafield>
  <datafield tag="300" ind1=" " ind2=" ">
    <subfield code="a">1 audio disc :</subfield>
    <subfield code="b">CD audio, digital ;</subfield>
    <subfield code="c">4 3/4 in.</subfield>
  </datafield>
  <datafield tag="336" ind1=" " ind2=" ">
    <subfield code="a">performed music</subfield>
    <subfield code="b">prm</subfield>
    <subfield code="2">rdacontent</subfield>
  </datafield>
  <datafield tag="337" ind1=" " ind2=" ">
    <subfield code="a">audio</subfield>
    <subfield code="b">s</subfield>
    <subfield code="2">rdamedia</subfield>
  </datafield>
  <datafield tag="338" ind1=" " ind2=" ">
    <subfield code="a">audio disc</subfield>
    <subfield code="b">sd</subfield>
    <subfield code="2">rdacarrier</subfield>
  </datafield>
  <datafield tag="340" ind1=" " ind2=" ">
    <subfield code="b">4 3/4 in.</subfield>
  </datafield>
  <datafield tag="344" ind1=" " ind2=" ">
    <subfield code="a">digital</subfield>
    <subfield code="2">rdatr</subfield>
  </datafield>
  <datafield tag="344" ind1=" " ind2=" ">
    <subfield code="b">optical</subfield>
    <subfield code="2">rdarm</subfield>
  </datafield>
  <datafield tag="344" ind1=" " ind2=" ">
    <subfield code="g">stereo</subfield>
    <subfield code="2">rdacpc</subfield>
  </datafield>
  <datafield tag="347" ind1=" " ind2=" ">
    <subfield code="a">audio file</subfield>
    <subfield code="2">rdaft</subfield>
  </datafield>
  <datafield tag="347" ind1=" " ind2=" ">
    <subfield code="b">CD audio</subfield>
  </datafield>
  <datafield tag="382" ind1="0" ind2="1">
    <subfield code="a">cello</subfield>
    <subfield code="n">1</subfield>
    <subfield code="a">electronics</subfield>
    <subfield code="2">lcmpt</subfield>
  </datafield>
  <datafield tag="382" ind1="0" ind2="1">
    <subfield code="a">cello</subfield>
    <subfield code="n">1</subfield>
    <subfield code="d">female voice</subfield>
    <subfield code="n">1</subfield>
    <subfield code="a">electronics</subfield>
    <subfield code="2">lcmpt</subfield>
  </datafield>
  <datafield tag="382" ind1="0" ind2="1">
    <subfield code="a">cello</subfield>
    <subfield code="n">1</subfield>
    <subfield code="a">electric guitar</subfield>
    <subfield code="n">1</subfield>
    <subfield code="a">female voice</subfield>
    <subfield code="n">1</subfield>
    <subfield code="a">electronics</subfield>
    <subfield code="2">lcmpt</subfield>
  </datafield>
  <datafield tag="500" ind1=" " ind2=" ">
    <subfield code="a">For electronically processed singing cellist.</subfield>
  </datafield>
  <datafield tag="500" ind1=" " ind2=" ">
    <subfield code="a">Title from disc label.</subfield>
  </datafield>
  <datafield tag="546" ind1=" " ind2=" ">
    <subfield code="a">Sung in English (3rd, 5th works), vocalise (6th, 8th works), and Aramaic (7th work).</subfield>
  </datafield>
  <datafield tag="511" ind1="0" ind2=" ">
    <subfield code="a">Maya Beiser, cello, vocals, electronics ; Andrew McKenna Lee, electric guitar (8th work) ; Morean, vocals (8th work).</subfield>
  </datafield>
  <datafield tag="508" ind1=" " ind2=" ">
    <subfield code="a">Producer, Maya Beiser.</subfield>
  </datafield>
  <datafield tag="500" ind1=" " ind2=" ">
    <subfield code="a">Liner notes and lyrics for some tracks printed on container.</subfield>
  </datafield>
  <datafield tag="505" ind1="0" ind2="0">
    <subfield code="t">Air /</subfield>
    <subfield code="r">J.S. Bach ; arr. by Maya Beiser</subfield>
    <subfield code="g">(5:05) --</subfield>
    <subfield code="t">All vows /</subfield>
    <subfield code="r">Michael Gordon</subfield>
    <subfield code="g">(9:22) --</subfield>
    <subfield code="t">Hide and seek /</subfield>
    <subfield code="r">Imogen Heap ; arr. by Maya Beiser</subfield>
    <subfield code="g">(5:08) --</subfield>
    <subfield code="t">Three parts wisdom /</subfield>
    <subfield code="r">Glenn Kotche</subfield>
    <subfield code="g">(10:40) --</subfield>
    <subfield code="t">Heroin /</subfield>
    <subfield code="r">Lou Reed ; arr. by David Lang</subfield>
    <subfield code="g">(9:34) --</subfield>
    <subfield code="t">Emunah /</subfield>
    <subfield code="r">Julia Wolfe</subfield>
    <subfield code="g">(8:01) --</subfield>
    <subfield code="t">Kol nidrei /</subfield>
    <subfield code="r">Mohammed Fairouz</subfield>
    <subfield code="g">(7:49) --</subfield>
    <subfield code="t">Hellhound /</subfield>
    <subfield code="r">David T. Little</subfield>
    <subfield code="g">(6:15) --</subfield>
    <subfield code="t">O virtus sapientae /</subfield>
    <subfield code="r">Hildegard von Bingen ; arr. by Maya Beiser</subfield>
    <subfield code="g">(3:47).</subfield>
  </datafield>
  <datafield tag="520" ind1=" " ind2=" ">
    <subfield code="a">A varied program, the album opens with Maya Beiser&apos;s interpretation of Bach&apos;s Air on G, in which she channels the sound of an old vinyl record, spinning on some far-off turntable. Especially notable are Maya&apos;s arrangements of Imogene Heap&apos;s Hide and Seek and Hildegard von Bingen&apos;s O Virtus Sapientiae.</subfield>
  </datafield>
  <datafield tag="650" ind1=" " ind2="0">
    <subfield code="a">Cello music.</subfield>
  </datafield>
  <datafield tag="650" ind1=" " ind2="0">
    <subfield code="a">Electronic and cello music.</subfield>
  </datafield>
  <datafield tag="650" ind1=" " ind2="0">
    <subfield code="a">Vocalises with instrumental ensemble.</subfield>
  </datafield>
  <datafield tag="650" ind1=" " ind2="7">
    <subfield code="a">Cello music.</subfield>
    <subfield code="2">fast</subfield>
    <subfield code="0">(OCoLC)fst01860278</subfield>
  </datafield>
  <datafield tag="650" ind1=" " ind2="7">
    <subfield code="a">Electronic and cello music.</subfield>
    <subfield code="2">fast</subfield>
    <subfield code="0">(OCoLC)fst01860499</subfield>
  </datafield>
  <datafield tag="650" ind1=" " ind2="7">
    <subfield code="a">Vocalises with instrumental ensemble.</subfield>
    <subfield code="2">fast</subfield>
    <subfield code="0">(OCoLC)fst01168463</subfield>
  </datafield>
  <datafield tag="655" ind1=" " ind2="7">
    <subfield code="a">Art music.</subfield>
    <subfield code="2">lcgft</subfield>
  </datafield>
  <datafield tag="655" ind1=" " ind2="7">
    <subfield code="a">Vocalises.</subfield>
    <subfield code="2">lcgft</subfield>
  </datafield>
  <datafield tag="655" ind1=" " ind2="7">
    <subfield code="a">Arrangements (Music)</subfield>
    <subfield code="2">lcgft</subfield>
  </datafield>
  <datafield tag="655" ind1=" " ind2="7">
    <subfield code="a">Art music.</subfield>
    <subfield code="2">fast</subfield>
    <subfield code="0">(OCoLC)fst01920007</subfield>
  </datafield>
  <datafield tag="700" ind1="1" ind2=" ">
    <subfield code="a">Beiser, Maya,</subfield>
    <subfield code="e">composer,</subfield>
    <subfield code="e">performer,</subfield>
    <subfield code="e">arranger of music.</subfield>
  </datafield>
  <datafield tag="700" ind1="1" ind2=" ">
    <subfield code="a">Lee, Andrew McKenna,</subfield>
    <subfield code="e">instrumentalist.</subfield>
  </datafield>
  <datafield tag="700" ind1="1" ind2=" ">
    <subfield code="a">Lang, David</subfield>
    <subfield code="q">(David A.),</subfield>
    <subfield code="e">arranger of music.</subfield>
  </datafield>
  <datafield tag="700" ind1="1" ind2="2">
    <subfield code="i">Container of (expression):</subfield>
    <subfield code="a">Bach, Johann Sebastian,</subfield>
    <subfield code="d">1685-1750.</subfield>
    <subfield code="t">Suites,</subfield>
    <subfield code="m">orchestra,</subfield>
    <subfield code="n">BWV 1068,</subfield>
    <subfield code="r">D major.</subfield>
    <subfield code="p">Air;</subfield>
    <subfield code="o">arranged.</subfield>
  </datafield>
  <datafield tag="700" ind1="1" ind2="2">
    <subfield code="i">Container of (work):</subfield>
    <subfield code="a">Gordon, Michael,</subfield>
    <subfield code="d">1956-</subfield>
    <subfield code="t">All vows.</subfield>
  </datafield>
  <datafield tag="700" ind1="1" ind2="2">
    <subfield code="i">Container of (expression):</subfield>
    <subfield code="a">Heap, Imogen.</subfield>
    <subfield code="t">Hide and seek;</subfield>
    <subfield code="o">arranged.</subfield>
  </datafield>
  <datafield tag="700" ind1="1" ind2="2">
    <subfield code="i">Container of (work):</subfield>
    <subfield code="a">Kotche, Glenn.</subfield>
    <subfield code="t">Three parts wisdom.</subfield>
  </datafield>
  <datafield tag="700" ind1="1" ind2="2">
    <subfield code="i">Container of (expression):</subfield>
    <subfield code="a">Reed, Lou.</subfield>
    <subfield code="t">Heroin;</subfield>
    <subfield code="o">arranged.</subfield>
  </datafield>
  <datafield tag="700" ind1="1" ind2="2">
    <subfield code="i">Container of (work):</subfield>
    <subfield code="a">Wolfe, Julia.</subfield>
    <subfield code="t">Emunah.</subfield>
  </datafield>
  <datafield tag="700" ind1="1" ind2="2">
    <subfield code="i">Container of (work):</subfield>
    <subfield code="a">Fairouz, Mohammed.</subfield>
    <subfield code="t">Kol nidrei.</subfield>
  </datafield>
  <datafield tag="700" ind1="1" ind2="2">
    <subfield code="i">Container of (work):</subfield>
    <subfield code="a">Little, David T.,</subfield>
    <subfield code="d">1978-</subfield>
    <subfield code="t">Hellhound.</subfield>
  </datafield>
  <datafield tag="700" ind1="0" ind2="2">
    <subfield code="i">Container of (expression):</subfield>
    <subfield code="a">Hildegard,</subfield>
    <subfield code="c">Saint,</subfield>
    <subfield code="d">1098-1179.</subfield>
    <subfield code="t">Symphonia armonie celestium revelationum.</subfield>
    <subfield code="p">O virtus sapientie;</subfield>
    <subfield code="o">arranged.</subfield>
  </datafield>
  <datafield tag="856" ind1="4" ind2=" ">
    <subfield code="3">View cover art</subfield>
    <subfield code="u">http://midwesttapes.com/images/movies/000/000/000/011/669/000000000011669799.jpg</subfield>
  </datafield>
</record>