
<record>
  <leader>02640cam a22003618i 4500</leader>
  <controlfield tag="001">21339771</controlfield>
  <controlfield tag="005">20200102180848.0</controlfield>
  <controlfield tag="008">191217t20202020pau      b    001 0 eng  </controlfield>
  <datafield tag="906" ind1=" " ind2=" ">
    <subfield code="a">7</subfield>
    <subfield code="b">cbc</subfield>
    <subfield code="c">orignew</subfield>
    <subfield code="d">1</subfield>
    <subfield code="e">ecip</subfield>
    <subfield code="f">20</subfield>
    <subfield code="g">y-gencatlg</subfield>
  </datafield>
  <datafield tag="925" ind1="0" ind2=" ">
    <subfield code="a">acquire</subfield>
    <subfield code="b">1 shelf copy</subfield>
    <subfield code="x">policy default</subfield>
  </datafield>
  <datafield tag="955" ind1=" " ind2=" ">
    <subfield code="b">PSt 2019-12-17</subfield>
    <subfield code="e">rk21 2020-01-02 to Dewey (telework)</subfield>
    <subfield code="w">xm07 2020-01-02</subfield>
  </datafield>
  <datafield tag="010" ind1=" " ind2=" ">
    <subfield code="a">  2019055837</subfield>
  </datafield>
  <datafield tag="020" ind1=" " ind2=" ">
    <subfield code="a">9781575067445</subfield>
    <subfield code="q">(hardback)</subfield>
  </datafield>
  <datafield tag="040" ind1=" " ind2=" ">
    <subfield code="a">PSt/DLC</subfield>
    <subfield code="b">eng</subfield>
    <subfield code="e">rda</subfield>
    <subfield code="c">DLC</subfield>
  </datafield>
  <datafield tag="042" ind1=" " ind2=" ">
    <subfield code="a">pcc</subfield>
  </datafield>
  <datafield tag="050" ind1="0" ind2="0">
    <subfield code="a">BL205</subfield>
    <subfield code="b">.D575 2020</subfield>
  </datafield>
  <datafield tag="082" ind1="0" ind2="0">
    <subfield code="a">202/.11</subfield>
    <subfield code="2">23</subfield>
  </datafield>
  <datafield tag="245" ind1="0" ind2="0">
    <subfield code="a">Divine doppelgängers :</subfield>
    <subfield code="b">YHWH&apos;s ancient look-alikes /</subfield>
    <subfield code="c">edited by Collin Cornell.</subfield>
  </datafield>
  <datafield tag="263" ind1=" " ind2=" ">
    <subfield code="a">2004</subfield>
  </datafield>
  <datafield tag="264" ind1=" " ind2="1">
    <subfield code="a">University Park, Pennsylvania :</subfield>
    <subfield code="b">Eisenbrauns,</subfield>
    <subfield code="c">[2020]</subfield>
  </datafield>
  <datafield tag="264" ind1=" " ind2="4">
    <subfield code="c">©2020.</subfield>
  </datafield>
  <datafield tag="300" ind1=" " ind2=" ">
    <subfield code="a">pages cm</subfield>
  </datafield>
  <datafield tag="336" ind1=" " ind2=" ">
    <subfield code="a">text</subfield>
    <subfield code="b">txt</subfield>
    <subfield code="2">rdacontent</subfield>
  </datafield>
  <datafield tag="337" ind1=" " ind2=" ">
    <subfield code="a">unmediated</subfield>
    <subfield code="b">n</subfield>
    <subfield code="2">rdamedia</subfield>
  </datafield>
  <datafield tag="338" ind1=" " ind2=" ">
    <subfield code="a">volume</subfield>
    <subfield code="b">nc</subfield>
    <subfield code="2">rdacarrier</subfield>
  </datafield>
  <datafield tag="504" ind1=" " ind2=" ">
    <subfield code="a">Includes bibliographical references and index.</subfield>
  </datafield>
  <datafield tag="505" ind1="0" ind2=" ">
    <subfield code="a">God and the gods : history of religions as an approach and context for biblical theology / Patrick D. Miller, Jr. -- Canaan--Israel--Christianity : the case for a vertical ecumenism / Othmar Keel, trans. by Armin Siedlecki -- More than one god? : three models for construing the relations between YHWH and the other gods / Bob Becking -- Who is like you among the gods? : some observations on configuring YHWH in the Old Testament / J. Andrew Dearman -- Why should the look-alikes be a problem? / Robert Goldenberg -- Theological approaches to the problem of God&apos;s ancient look-alikes / Collin Cornell -- Chemosh looks like YHWH but that&apos;s okay / Josey B. Snyder -- YHWH and Chemosh : an investigation of look-alike gods using the moral foundations theory / M. Patrick Graham -- YHWH, Chemosh, and the Regula fidei / Brent A. Strawn -- Is there a counterpart in the Hebrew Bible to New Testament antisemitism? / Jon D. Levinson -- Miqreh and YHWH : fate, chance, simultaneity, and providence / Stephen B. Chapman -- &apos;Can a woman forget her nursing child?&apos; : divine breastfeeding and the God of Israel / Christopher B. Hays -- Bulls and horses, gods and goddesses : the religious iconography of Israel&apos;s neighbors / P.M. Michèle Daviau.</subfield>
  </datafield>
  <datafield tag="520" ind1=" " ind2=" ">
    <subfield code="a">&quot;A collection of essays by scholars of the Hebrew Bible providing recommendations for how Jews and Christians can think theologically about the challenge of similarities between YHWH and other ancient gods&quot;--</subfield>
    <subfield code="c">Provided by publisher.</subfield>
  </datafield>
  <datafield tag="600" ind1="0" ind2="0">
    <subfield code="a">Chemosh</subfield>
    <subfield code="c">(Moabite deity)</subfield>
  </datafield>
  <datafield tag="650" ind1=" " ind2="0">
    <subfield code="a">God</subfield>
    <subfield code="v">Comparative studies.</subfield>
  </datafield>
  <datafield tag="650" ind1=" " ind2="0">
    <subfield code="a">God (Christianity)</subfield>
  </datafield>
  <datafield tag="700" ind1="1" ind2=" ">
    <subfield code="a">Cornell, Collin,</subfield>
    <subfield code="d">1988-</subfield>
    <subfield code="e">editor.</subfield>
  </datafield>
  <datafield tag="985" ind1=" " ind2=" ">
    <subfield code="a">PStCIP</subfield>
    <subfield code="d">2019-12-17</subfield>
  </datafield>
</record>