
<record>
  <leader>02500cam a22003618i 4500</leader>
  <controlfield tag="001">21340105</controlfield>
  <controlfield tag="005">20200102130730.0</controlfield>
  <controlfield tag="008">191218s2020    enk      b    001 0 eng  </controlfield>
  <datafield tag="906" ind1=" " ind2=" ">
    <subfield code="a">7</subfield>
    <subfield code="b">cbc</subfield>
    <subfield code="c">orignew</subfield>
    <subfield code="d">1</subfield>
    <subfield code="e">ecip</subfield>
    <subfield code="f">20</subfield>
    <subfield code="g">y-gencatlg</subfield>
  </datafield>
  <datafield tag="925" ind1="0" ind2=" ">
    <subfield code="a">acquire</subfield>
    <subfield code="b">1 shelf copy</subfield>
    <subfield code="x">policy default</subfield>
  </datafield>
  <datafield tag="955" ind1=" " ind2=" ">
    <subfield code="b">xg08 2019-12-18</subfield>
    <subfield code="i">xg08 2019-12-18</subfield>
    <subfield code="e">xg34 2019-12-18 to Dewey</subfield>
    <subfield code="w">xm06 2019-12-27</subfield>
  </datafield>
  <datafield tag="010" ind1=" " ind2=" ">
    <subfield code="a">  2019058599</subfield>
  </datafield>
  <datafield tag="020" ind1=" " ind2=" ">
    <subfield code="a">9781108495677</subfield>
    <subfield code="q">(hardback)</subfield>
  </datafield>
  <datafield tag="020" ind1=" " ind2=" ">
    <subfield code="z">9781108862608</subfield>
    <subfield code="q">(ebook)</subfield>
  </datafield>
  <datafield tag="040" ind1=" " ind2=" ">
    <subfield code="a">DLC</subfield>
    <subfield code="b">eng</subfield>
    <subfield code="e">rda</subfield>
    <subfield code="c">DLC</subfield>
  </datafield>
  <datafield tag="042" ind1=" " ind2=" ">
    <subfield code="a">pcc</subfield>
  </datafield>
  <datafield tag="050" ind1="0" ind2="0">
    <subfield code="a">KZ4850.3</subfield>
    <subfield code="b">.J64 2020</subfield>
  </datafield>
  <datafield tag="082" ind1="0" ind2="0">
    <subfield code="a">341.4/8</subfield>
    <subfield code="2">23</subfield>
  </datafield>
  <datafield tag="100" ind1="1" ind2=" ">
    <subfield code="a">Johansen, Stian Øby,</subfield>
    <subfield code="d">1987-</subfield>
    <subfield code="e">author.</subfield>
  </datafield>
  <datafield tag="245" ind1="1" ind2="4">
    <subfield code="a">The human rights accountability mechanisms of international organizations /</subfield>
    <subfield code="c">Stian Johanse, University of Oslo.</subfield>
  </datafield>
  <datafield tag="263" ind1=" " ind2=" ">
    <subfield code="a">2007</subfield>
  </datafield>
  <datafield tag="264" ind1=" " ind2="1">
    <subfield code="a">Cambridge, United Kingdom ;</subfield>
    <subfield code="a">New York, NY, USA :</subfield>
    <subfield code="b">Cambridge University Press,</subfield>
    <subfield code="c">2020.</subfield>
  </datafield>
  <datafield tag="300" ind1=" " ind2=" ">
    <subfield code="a">pages cm</subfield>
  </datafield>
  <datafield tag="336" ind1=" " ind2=" ">
    <subfield code="a">text</subfield>
    <subfield code="b">txt</subfield>
    <subfield code="2">rdacontent</subfield>
  </datafield>
  <datafield tag="337" ind1=" " ind2=" ">
    <subfield code="a">unmediated</subfield>
    <subfield code="b">n</subfield>
    <subfield code="2">rdamedia</subfield>
  </datafield>
  <datafield tag="338" ind1=" " ind2=" ">
    <subfield code="a">volume</subfield>
    <subfield code="b">nc</subfield>
    <subfield code="2">rdacarrier</subfield>
  </datafield>
  <datafield tag="500" ind1=" " ind2=" ">
    <subfield code="a">Based on author&apos;s thesis (doctoral - University of Oslo, Faculty of Law, 2017).</subfield>
  </datafield>
  <datafield tag="504" ind1=" " ind2=" ">
    <subfield code="a">Includes bibliographical references and index.</subfield>
  </datafield>
  <datafield tag="505" ind1="0" ind2=" ">
    <subfield code="a">Introduction -- The Responsibility of IOs for Human Rights Violations -- IO Accountability Mechanisms : Definition, Typology, and Assessment -- Case Study : the EU&apos;s Common Security and Defence Policy Missions -- Case Study : UNHCR-Administered Refugee Camps -- Case Study : the ICC Detention Centre -- Conclusion</subfield>
  </datafield>
  <datafield tag="520" ind1=" " ind2=" ">
    <subfield code="a">&quot;International organizations (IOs) have become increasingly powerful. In recent decades, states have conferred more and more powers upon IOs in order to solve transnational problems and to provide global public goods. As a consequence of their increasing powers, IOs are affecting the lives of individuals across the globe - directly and indirectly. Throughout the 20th century, this internationalization was generally seen as a positive development, the &quot;assumption [being] that international organisations are, necessarily, a good thing, an assumption which often takes the place of argument&quot;&quot;--</subfield>
    <subfield code="c">Provided by publisher.</subfield>
  </datafield>
  <datafield tag="650" ind1=" " ind2="0">
    <subfield code="a">Tort liability of international agencies.</subfield>
  </datafield>
  <datafield tag="650" ind1=" " ind2="0">
    <subfield code="a">Liability for human rights violations.</subfield>
  </datafield>
  <datafield tag="776" ind1="0" ind2="8">
    <subfield code="i">Online version:</subfield>
    <subfield code="a">Johansen, Stian Øby, 1987-</subfield>
    <subfield code="t">The human rights accountability mechanisms of international organizations</subfield>
    <subfield code="d">Cambridge, United Kingdom ; New York, NY, USA :  Cambridge University Press, 2020.</subfield>
    <subfield code="z">9781108862608</subfield>
    <subfield code="w">(DLC) 2019058600</subfield>
  </datafield>
</record>