
<record>
  <leader>03450cam a22003858i 4500</leader>
  <controlfield tag="001">21342899</controlfield>
  <controlfield tag="005">20200102164346.0</controlfield>
  <controlfield tag="008">191220s2020    mau      b    001 0 eng  </controlfield>
  <datafield tag="906" ind1=" " ind2=" ">
    <subfield code="a">7</subfield>
    <subfield code="b">cbc</subfield>
    <subfield code="c">orignew</subfield>
    <subfield code="d">1</subfield>
    <subfield code="e">ecip</subfield>
    <subfield code="f">20</subfield>
    <subfield code="g">y-gencatlg</subfield>
  </datafield>
  <datafield tag="925" ind1="0" ind2=" ">
    <subfield code="a">acquire</subfield>
    <subfield code="b">1 shelf copy</subfield>
    <subfield code="x">policy default</subfield>
  </datafield>
  <datafield tag="955" ind1=" " ind2=" ">
    <subfield code="b">rm06 2019-12-20</subfield>
    <subfield code="c">rm06 2019-12-20</subfield>
    <subfield code="d">rm03 2019-12-23</subfield>
    <subfield code="e">rm04 2019-12-30 to Dewey</subfield>
    <subfield code="w">xm09 2020-1-2</subfield>
  </datafield>
  <datafield tag="010" ind1=" " ind2=" ">
    <subfield code="a">  2019047640</subfield>
  </datafield>
  <datafield tag="020" ind1=" " ind2=" ">
    <subfield code="a">9780262539173</subfield>
    <subfield code="q">(paperback)</subfield>
  </datafield>
  <datafield tag="040" ind1=" " ind2=" ">
    <subfield code="a">DLC</subfield>
    <subfield code="b">eng</subfield>
    <subfield code="e">rda</subfield>
    <subfield code="c">DLC</subfield>
  </datafield>
  <datafield tag="042" ind1=" " ind2=" ">
    <subfield code="a">pcc</subfield>
  </datafield>
  <datafield tag="050" ind1="0" ind2="0">
    <subfield code="a">HM708</subfield>
    <subfield code="b">.A78 2020</subfield>
  </datafield>
  <datafield tag="082" ind1="0" ind2="0">
    <subfield code="a">302</subfield>
    <subfield code="2">23</subfield>
  </datafield>
  <datafield tag="245" ind1="0" ind2="0">
    <subfield code="a">Assetization :</subfield>
    <subfield code="b">turning things into assets in technoscientific capitalism /</subfield>
    <subfield code="c">edited by Kean Birch and Fabian Muniesa.</subfield>
  </datafield>
  <datafield tag="263" ind1=" " ind2=" ">
    <subfield code="a">2007</subfield>
  </datafield>
  <datafield tag="264" ind1=" " ind2="1">
    <subfield code="a">Cambridge, Massachusetts :</subfield>
    <subfield code="b">The MIT Press,</subfield>
    <subfield code="c">[2020]</subfield>
  </datafield>
  <datafield tag="300" ind1=" " ind2=" ">
    <subfield code="a">pages cm.</subfield>
  </datafield>
  <datafield tag="336" ind1=" " ind2=" ">
    <subfield code="a">text</subfield>
    <subfield code="b">txt</subfield>
    <subfield code="2">rdacontent</subfield>
  </datafield>
  <datafield tag="337" ind1=" " ind2=" ">
    <subfield code="a">unmediated</subfield>
    <subfield code="b">n</subfield>
    <subfield code="2">rdamedia</subfield>
  </datafield>
  <datafield tag="338" ind1=" " ind2=" ">
    <subfield code="a">volume</subfield>
    <subfield code="b">nc</subfield>
    <subfield code="2">rdacarrier</subfield>
  </datafield>
  <datafield tag="490" ind1="0" ind2=" ">
    <subfield code="a">Inside technology</subfield>
  </datafield>
  <datafield tag="504" ind1=" " ind2=" ">
    <subfield code="a">Includes bibliographical references and index.</subfield>
  </datafield>
  <datafield tag="520" ind1=" " ind2=" ">
    <subfield code="a">&quot;This is a professional edited collection for the Inside Technology series looking at what the editors call assetization. They ask: what lies in the wake of commodification? How should we characterize and analyze technoscientific capitalism in the era of Uber and Airbnb, the business model sorcery of giants like Google and Genentech, rising immaterial and cognitive labor productivity represented by the explosion in Big Data, and the construction of population behavior as money-making resource? The editors define an asset as something-a piece of land, a skill or experience, a sum of money, a bodily function or affective personality, a life form, a patent or copyright, etc.-that can be owned or controlled, traded, and capitalized as a revenue stream, often involving the valuation of discounted future earnings in the present. Assets can certainly be bought and sold, yes. But the point is to get a durable rent from them, not to sell them away in the market today. How do things become assets, then? They are made so: the asset form is not, it is important to stress, the consequence of some inherent or embodied quality. The intention of this volume is to show how assets are constructed, how a variety of things are and can be turned into assets, examining the interests, activities, skills, organizations, and relations entangled in this process. Another is to stress that technoscientific capitalism entails specific practices that make the uncertainty inherent in innovation understandable and calculable as part of a broader capitalist system. The asset form reflects the tumult in contemporary technoscientific capitalism, in which it becomes harder and harder to draw clear boundaries around what counts as or comes to constitute capitalism How different is assetization from commodification? Which kind of legal constructions, political arrangements, and economic operations does it entail? Where does it find justification? What kind of critique does it call for? The research gathered in this edited volume opens directions in order to tackle these problems from a critical, qualitative perspective&quot;--</subfield>
    <subfield code="c">Provided by publisher.</subfield>
  </datafield>
  <datafield tag="650" ind1=" " ind2="0">
    <subfield code="a">Social capital (Sociology)</subfield>
  </datafield>
  <datafield tag="650" ind1=" " ind2="0">
    <subfield code="a">Commodification.</subfield>
  </datafield>
  <datafield tag="650" ind1=" " ind2="0">
    <subfield code="a">Technology</subfield>
    <subfield code="x">Social aspects.</subfield>
  </datafield>
  <datafield tag="650" ind1=" " ind2="0">
    <subfield code="a">Temporary employment.</subfield>
  </datafield>
  <datafield tag="650" ind1=" " ind2="0">
    <subfield code="a">New business enterprises.</subfield>
  </datafield>
  <datafield tag="650" ind1=" " ind2="0">
    <subfield code="a">Uncertainty.</subfield>
  </datafield>
  <datafield tag="650" ind1=" " ind2="0">
    <subfield code="a">Capitalism.</subfield>
  </datafield>
  <datafield tag="700" ind1="1" ind2=" ">
    <subfield code="a">Birch, Kean,</subfield>
    <subfield code="e">editor.</subfield>
  </datafield>
</record>