
<record>
  <leader>03409cam a22003738i 4500</leader>
  <controlfield tag="001">21344032</controlfield>
  <controlfield tag="005">20200102090839.0</controlfield>
  <controlfield tag="008">191223s2020    enk      b    001 0 eng  </controlfield>
  <datafield tag="906" ind1=" " ind2=" ">
    <subfield code="a">0</subfield>
    <subfield code="b">ibc</subfield>
    <subfield code="c">orignew</subfield>
    <subfield code="d">1</subfield>
    <subfield code="e">ecip</subfield>
    <subfield code="f">20</subfield>
    <subfield code="g">y-gencatlg</subfield>
  </datafield>
  <datafield tag="925" ind1="0" ind2=" ">
    <subfield code="a">acquire</subfield>
    <subfield code="b">1 shelf copy</subfield>
    <subfield code="x">policy default</subfield>
  </datafield>
  <datafield tag="955" ind1=" " ind2=" ">
    <subfield code="b">re17 2019-12-23</subfield>
    <subfield code="i">re17 2019-12-23 (episodic)</subfield>
    <subfield code="a">re17 2020-01-02 (telework) to Dewey</subfield>
  </datafield>
  <datafield tag="010" ind1=" " ind2=" ">
    <subfield code="a">  2019052672</subfield>
  </datafield>
  <datafield tag="020" ind1=" " ind2=" ">
    <subfield code="a">9780367076825</subfield>
    <subfield code="q">(hardback)</subfield>
  </datafield>
  <datafield tag="020" ind1=" " ind2=" ">
    <subfield code="a">9780367076832</subfield>
    <subfield code="q">(paperback)</subfield>
  </datafield>
  <datafield tag="020" ind1=" " ind2=" ">
    <subfield code="z">9780429022081</subfield>
    <subfield code="q">(ebook)</subfield>
  </datafield>
  <datafield tag="040" ind1=" " ind2=" ">
    <subfield code="a">DLC</subfield>
    <subfield code="b">eng</subfield>
    <subfield code="e">rda</subfield>
    <subfield code="c">DLC</subfield>
  </datafield>
  <datafield tag="042" ind1=" " ind2=" ">
    <subfield code="a">pcc</subfield>
  </datafield>
  <datafield tag="050" ind1="0" ind2="0">
    <subfield code="a">LB3051</subfield>
    <subfield code="b">.T25 2020</subfield>
  </datafield>
  <datafield tag="100" ind1="1" ind2=" ">
    <subfield code="a">Tan, Kelvin,</subfield>
    <subfield code="d">1967-</subfield>
    <subfield code="e">author.</subfield>
  </datafield>
  <datafield tag="245" ind1="1" ind2="0">
    <subfield code="a">Assessment rubrics decoded :</subfield>
    <subfield code="b">an educator&apos;s guide /</subfield>
    <subfield code="c">Kelvin Heng Kiat Tan.</subfield>
  </datafield>
  <datafield tag="263" ind1=" " ind2=" ">
    <subfield code="a">2002</subfield>
  </datafield>
  <datafield tag="264" ind1=" " ind2="1">
    <subfield code="a">Abingdon, Oxon ;</subfield>
    <subfield code="a">New York :</subfield>
    <subfield code="b">Routledge,</subfield>
    <subfield code="c">2020.</subfield>
  </datafield>
  <datafield tag="300" ind1=" " ind2=" ">
    <subfield code="a">pages cm.</subfield>
  </datafield>
  <datafield tag="336" ind1=" " ind2=" ">
    <subfield code="a">text</subfield>
    <subfield code="b">txt</subfield>
    <subfield code="2">rdacontent</subfield>
  </datafield>
  <datafield tag="337" ind1=" " ind2=" ">
    <subfield code="a">unmediated</subfield>
    <subfield code="b">n</subfield>
    <subfield code="2">rdamedia</subfield>
  </datafield>
  <datafield tag="338" ind1=" " ind2=" ">
    <subfield code="a">volume</subfield>
    <subfield code="b">nc</subfield>
    <subfield code="2">rdacarrier</subfield>
  </datafield>
  <datafield tag="490" ind1="0" ind2=" ">
    <subfield code="a">Assessment in schools: principles in practice</subfield>
  </datafield>
  <datafield tag="504" ind1=" " ind2=" ">
    <subfield code="a">Includes bibliographical references and index.</subfield>
  </datafield>
  <datafield tag="505" ind1="0" ind2=" ">
    <subfield code="a">Introduction to decoding rubric -- The challenges of understanding and using rubric -- The anatomy of a rubric -- Rubrics for different types of learning and learners -- Rubrics for scoring, interpretations and decision-making by Lin Rongcha -- How eubrics are understood and used formatively -- Rubrics, power, and conduct -- Effects of rubrics on students&apos; motivation and well-being by Alan Yang Qidong -- Validating students&apos; voice in writing through self-assessment and rubrics creation by Salwati Salim and Jasmine Suppramaniam -- Rubrics - a school leader&apos;s perspective by Sheree Chong.</subfield>
  </datafield>
  <datafield tag="520" ind1=" " ind2=" ">
    <subfield code="a">&quot;Rubrics offer concrete artefacts of what schools evaluate to be of merit, and what educators and schools value to be worth rewarding. Assessment Rubrics Decoded offers insights into a myriad of issues that affect, and are affected by, the construction of merit in students&apos; learning and the articulation of (underlying) educational ideologies in the assessment of student achievement. Designed for both students and teachers - who should have parity of involvement in developing and using rubrics - this book covers the problematic issues of assessment in schools at the same time as offering readers practical solutions for navigating the ensuing tensions and dilemmas. The notion that rubrics may hinder assessment transparency is also discussed, with examples, to warn against uncritical use of rubrics that may discipline rather than help learners. The perspective of a school leader in providing assessment leadership to rubrics usage across a school is included for extending awareness of rubrics beyond classroom contexts. This provides an informed approach for teachers to understand the stakes and complexities involved in judging learning, and learners, whilst offering concrete options and suggestions to consider. This book will be a valuable resource for classroom teachers, school leaders, teacher educators and researchers interested in the field of assessment rubrics&quot;--</subfield>
    <subfield code="c">Provided by publisher.</subfield>
  </datafield>
  <datafield tag="650" ind1=" " ind2="0">
    <subfield code="a">Grading and marking (Students)</subfield>
  </datafield>
  <datafield tag="650" ind1=" " ind2="0">
    <subfield code="a">Educational tests and measurements.</subfield>
  </datafield>
  <datafield tag="653" ind1=" " ind2=" ">
    <subfield code="a">Assessment rubric</subfield>
  </datafield>
  <datafield tag="776" ind1="0" ind2="8">
    <subfield code="i">Online version:</subfield>
    <subfield code="a">Tan, Kelvin Heng Kiat,</subfield>
    <subfield code="t">Assessment rubrics decoded</subfield>
    <subfield code="b">First.</subfield>
    <subfield code="d">Abingdon, Oxon ; New York : Routledge, 2020.</subfield>
    <subfield code="z">9780429022081</subfield>
    <subfield code="w">(DLC) 2019052673</subfield>
  </datafield>
</record>