
<record>
  <leader>02432cam a22003858i 4500</leader>
  <controlfield tag="001">21344483</controlfield>
  <controlfield tag="005">20200102131418.0</controlfield>
  <controlfield tag="008">191223s2020    nyu           000 0 eng  </controlfield>
  <datafield tag="906" ind1=" " ind2=" ">
    <subfield code="a">7</subfield>
    <subfield code="b">cbc</subfield>
    <subfield code="c">orignew</subfield>
    <subfield code="d">1</subfield>
    <subfield code="e">ecip</subfield>
    <subfield code="f">20</subfield>
    <subfield code="g">y-gencatlg</subfield>
  </datafield>
  <datafield tag="925" ind1="0" ind2=" ">
    <subfield code="a">acquire</subfield>
    <subfield code="b">1 shelf copy</subfield>
    <subfield code="x">policy default</subfield>
  </datafield>
  <datafield tag="955" ind1=" " ind2=" ">
    <subfield code="b">re17 2019-12-23</subfield>
    <subfield code="i">re17 2019-12-23 (episodic)</subfield>
    <subfield code="a">re17 2020-01-02 (telework) to Dewey</subfield>
    <subfield code="w">re09 2020-01-02 to CIP</subfield>
  </datafield>
  <datafield tag="010" ind1=" " ind2=" ">
    <subfield code="a">  2019043820</subfield>
  </datafield>
  <datafield tag="020" ind1=" " ind2=" ">
    <subfield code="a">9780807763261</subfield>
    <subfield code="q">(hardcover)</subfield>
  </datafield>
  <datafield tag="020" ind1=" " ind2=" ">
    <subfield code="a">9780807763254</subfield>
    <subfield code="q">(paperback)</subfield>
  </datafield>
  <datafield tag="020" ind1=" " ind2=" ">
    <subfield code="z">9780807778180</subfield>
    <subfield code="q">(ebook)</subfield>
  </datafield>
  <datafield tag="040" ind1=" " ind2=" ">
    <subfield code="a">DLC</subfield>
    <subfield code="b">eng</subfield>
    <subfield code="e">rda</subfield>
    <subfield code="c">DLC</subfield>
  </datafield>
  <datafield tag="042" ind1=" " ind2=" ">
    <subfield code="a">pcc</subfield>
  </datafield>
  <datafield tag="043" ind1=" " ind2=" ">
    <subfield code="a">n-us-il</subfield>
  </datafield>
  <datafield tag="050" ind1="0" ind2="0">
    <subfield code="a">LC4093.C49</subfield>
    <subfield code="b">M53 2020</subfield>
  </datafield>
  <datafield tag="082" ind1="0" ind2="0">
    <subfield code="a">371.0109773/11</subfield>
    <subfield code="2">23</subfield>
  </datafield>
  <datafield tag="100" ind1="1" ind2=" ">
    <subfield code="a">Michie, Gregory,</subfield>
    <subfield code="e">author.</subfield>
  </datafield>
  <datafield tag="245" ind1="1" ind2="0">
    <subfield code="a">Holler if you hear me /</subfield>
    <subfield code="c">Gregory Michie, Ryan Alexander-Tanner.</subfield>
  </datafield>
  <datafield tag="250" ind1=" " ind2=" ">
    <subfield code="a">Comic edition.</subfield>
  </datafield>
  <datafield tag="263" ind1=" " ind2=" ">
    <subfield code="a">2001</subfield>
  </datafield>
  <datafield tag="264" ind1=" " ind2="1">
    <subfield code="a">New York :</subfield>
    <subfield code="b">Teachers College Press,</subfield>
    <subfield code="c">[2020]</subfield>
  </datafield>
  <datafield tag="300" ind1=" " ind2=" ">
    <subfield code="a">pages cm</subfield>
  </datafield>
  <datafield tag="336" ind1=" " ind2=" ">
    <subfield code="a">text</subfield>
    <subfield code="b">txt</subfield>
    <subfield code="2">rdacontent</subfield>
  </datafield>
  <datafield tag="337" ind1=" " ind2=" ">
    <subfield code="a">unmediated</subfield>
    <subfield code="b">n</subfield>
    <subfield code="2">rdamedia</subfield>
  </datafield>
  <datafield tag="338" ind1=" " ind2=" ">
    <subfield code="a">volume</subfield>
    <subfield code="b">nc</subfield>
    <subfield code="2">rdacarrier</subfield>
  </datafield>
  <datafield tag="520" ind1=" " ind2=" ">
    <subfield code="a">&quot;Since it was first published in 1999, Gregory Michie&apos;s Holler If You Hear Me: The Education of a Teacher and His Students has become one of the most enduring teacher memoirs of our time. For its 20th anniversary, Michie, along with comics artist Ryan Alexander-Tanner and 10 teen and young adult artists, have re-imagined the book as a graphic memoir, bringing a fresh, vibrant energy to its tales of struggle and hope in the classroom. Weaving back and forth between Michie&apos;s awakening as a young teacher and the first-person stories of his students, Holler If You Hear Me, Comic Edition paints an intimate and compassionate portrait of teaching and learning in urban America. Set in 1990s Chicago but still startlingly relevant today, this new adaptation of a long-time educator favorite is sure inspire a new generation of teachers, students, and anyone who is concerned about the future of public education&quot;--</subfield>
    <subfield code="c">Provided by publisher.</subfield>
  </datafield>
  <datafield tag="650" ind1=" " ind2="0">
    <subfield code="a">Children with social disabilities</subfield>
    <subfield code="x">Education</subfield>
    <subfield code="z">Illinois</subfield>
    <subfield code="z">Chicago $v Comic books, strips, etc.</subfield>
  </datafield>
  <datafield tag="650" ind1=" " ind2="0">
    <subfield code="a">Public schools</subfield>
    <subfield code="z">Illinois</subfield>
    <subfield code="z">Chicago $v Comic books, strips, etc.</subfield>
  </datafield>
  <datafield tag="600" ind1="1" ind2="0">
    <subfield code="a">Michie, Gregory.</subfield>
  </datafield>
  <datafield tag="700" ind1="1" ind2=" ">
    <subfield code="a">Alexander-Tanner, Ryan,</subfield>
    <subfield code="e">author.</subfield>
  </datafield>
  <datafield tag="776" ind1="0" ind2="8">
    <subfield code="i">Online version:</subfield>
    <subfield code="a">Michie, Gregory,</subfield>
    <subfield code="t">Holler if you hear me</subfield>
    <subfield code="b">Comic edition.</subfield>
    <subfield code="d">New York : Teachers College Press, [2020]</subfield>
    <subfield code="z">9780807778180</subfield>
    <subfield code="w">(DLC) 2019043821</subfield>
  </datafield>
</record>