
<record>
  <leader>02714cam a22003498i 4500</leader>
  <controlfield tag="001">21344557</controlfield>
  <controlfield tag="005">20200102084034.0</controlfield>
  <controlfield tag="008">191223s2020    ncu      b    001 0ceng  </controlfield>
  <datafield tag="906" ind1=" " ind2=" ">
    <subfield code="a">0</subfield>
    <subfield code="b">ibc</subfield>
    <subfield code="c">orignew</subfield>
    <subfield code="d">1</subfield>
    <subfield code="e">ecip</subfield>
    <subfield code="f">20</subfield>
    <subfield code="g">y-gencatlg</subfield>
  </datafield>
  <datafield tag="925" ind1="0" ind2=" ">
    <subfield code="a">acquire</subfield>
    <subfield code="b">1 shelf copy</subfield>
    <subfield code="x">policy default</subfield>
  </datafield>
  <datafield tag="955" ind1=" " ind2=" ">
    <subfield code="b">re17 2019-12-23</subfield>
    <subfield code="c">re17 2019-01-02 (telework) to Lit for subj</subfield>
  </datafield>
  <datafield tag="010" ind1=" " ind2=" ">
    <subfield code="a">  2019047355</subfield>
  </datafield>
  <datafield tag="020" ind1=" " ind2=" ">
    <subfield code="a">9781476677958</subfield>
    <subfield code="q">(paperback)</subfield>
  </datafield>
  <datafield tag="020" ind1=" " ind2=" ">
    <subfield code="z">9781476637433</subfield>
    <subfield code="q">(ebook)</subfield>
  </datafield>
  <datafield tag="040" ind1=" " ind2=" ">
    <subfield code="a">DLC</subfield>
    <subfield code="b">eng</subfield>
    <subfield code="e">rda</subfield>
    <subfield code="c">DLC</subfield>
  </datafield>
  <datafield tag="042" ind1=" " ind2=" ">
    <subfield code="a">pcc</subfield>
  </datafield>
  <datafield tag="043" ind1=" " ind2=" ">
    <subfield code="a">u-at---</subfield>
    <subfield code="a">u-nz---</subfield>
  </datafield>
  <datafield tag="050" ind1="0" ind2="0">
    <subfield code="a">PN1583</subfield>
  </datafield>
  <datafield tag="100" ind1="1" ind2=" ">
    <subfield code="a">Egan, Bill,</subfield>
    <subfield code="d">1937-</subfield>
    <subfield code="e">author.</subfield>
  </datafield>
  <datafield tag="245" ind1="1" ind2="0">
    <subfield code="a">African American entertainers in Australia and New Zealand :</subfield>
    <subfield code="b">a history, 1788-1941 /</subfield>
    <subfield code="c">Bill Egan.</subfield>
  </datafield>
  <datafield tag="263" ind1=" " ind2=" ">
    <subfield code="a">2002</subfield>
  </datafield>
  <datafield tag="264" ind1=" " ind2="1">
    <subfield code="a">Jefferson, North Carolina :</subfield>
    <subfield code="b">McFarland &amp; Company, Inc., Publishers,</subfield>
    <subfield code="c">[2020]</subfield>
  </datafield>
  <datafield tag="300" ind1=" " ind2=" ">
    <subfield code="a">pages cm</subfield>
  </datafield>
  <datafield tag="336" ind1=" " ind2=" ">
    <subfield code="a">text</subfield>
    <subfield code="b">txt</subfield>
    <subfield code="2">rdacontent</subfield>
  </datafield>
  <datafield tag="337" ind1=" " ind2=" ">
    <subfield code="a">unmediated</subfield>
    <subfield code="b">n</subfield>
    <subfield code="2">rdamedia</subfield>
  </datafield>
  <datafield tag="338" ind1=" " ind2=" ">
    <subfield code="a">volume</subfield>
    <subfield code="b">nc</subfield>
    <subfield code="2">rdacarrier</subfield>
  </datafield>
  <datafield tag="504" ind1=" " ind2=" ">
    <subfield code="a">Includes bibliographical references and index.</subfield>
  </datafield>
  <datafield tag="520" ind1=" " ind2=" ">
    <subfield code="a">&quot;It is often forgotten that 11 African Americans, including a musician, were among the First Fleet of colonial settlers to Australia. In the 150-plus following years, African Americans visiting the region included jubilee singers, minstrels, ragtimers, vaudevillians, jazz musicians, sports stars, dancers, singers and general entertainers, some of whom became long stayers or residents. This book provides the only comprehensive history of more than 350 African American entertainers in Australia and New Zealand between European settlement in Australia in 1788 and the entry of the United States into World War II in 1941. It explains how and why they came, how they were treated and how that changed with the infamous White Australia policy. Famous names include boxer Jack Johnson, film star Nina Mae McKinney, vocalist Ivie Anderson of Duke Ellington&apos;s band, swing dancer Frankie Manning and jazz singer Eva Taylor. Beyond the bare performance histories, the book reveals stories of personal experiences and dilemmas: How did Jack Johnson almost marry an Australian? Why did Nina Mae McKinney&apos;s show close mysteriously? Which African American entertainer became mayor of a New Zealand town? Did a mystery romance keep Jolly John Larkins in the region for eight years? Such background stories give a multidimensional view of the entertainers&apos; time in a place very far from home&quot;--</subfield>
    <subfield code="c">Provided by publisher.</subfield>
  </datafield>
  <datafield tag="650" ind1=" " ind2="0">
    <subfield code="a">African American entertainers</subfield>
    <subfield code="z">Australia</subfield>
    <subfield code="v">Biography.</subfield>
  </datafield>
  <datafield tag="650" ind1=" " ind2="0">
    <subfield code="a">African American entertainers</subfield>
    <subfield code="z">New Zealand</subfield>
    <subfield code="v">Biography.</subfield>
  </datafield>
  <datafield tag="650" ind1=" " ind2="0">
    <subfield code="a">African American entertainers</subfield>
    <subfield code="z">Australia</subfield>
    <subfield code="x">History.</subfield>
  </datafield>
  <datafield tag="650" ind1=" " ind2="0">
    <subfield code="a">African American entertainers</subfield>
    <subfield code="z">New Zealand</subfield>
    <subfield code="x">History.</subfield>
  </datafield>
</record>