
<record>
  <leader>02339cas a2200385 i 4500</leader>
  <controlfield tag="001">21344848</controlfield>
  <controlfield tag="005">20200102075658.0</controlfield>
  <controlfield tag="008">191222c20189999ts ar        i0    0ara  </controlfield>
  <datafield tag="010" ind1=" " ind2=" ">
    <subfield code="a">  2019327062</subfield>
  </datafield>
  <datafield tag="035" ind1=" " ind2=" ">
    <subfield code="a">(OCoLC)on1132536720</subfield>
  </datafield>
  <datafield tag="040" ind1=" " ind2=" ">
    <subfield code="a">DLC</subfield>
    <subfield code="b">eng</subfield>
    <subfield code="e">rda</subfield>
    <subfield code="c">DLC</subfield>
    <subfield code="d">DLC</subfield>
    <subfield code="d">OCLCO</subfield>
    <subfield code="d">DLC</subfield>
    <subfield code="d">OCLCO</subfield>
  </datafield>
  <datafield tag="042" ind1=" " ind2=" ">
    <subfield code="a">pcc</subfield>
  </datafield>
  <datafield tag="043" ind1=" " ind2=" ">
    <subfield code="a">ma-----</subfield>
  </datafield>
  <datafield tag="050" ind1="0" ind2="0">
    <subfield code="a">HC498.A1</subfield>
    <subfield code="b">T359</subfield>
  </datafield>
  <datafield tag="066" ind1=" " ind2=" ">
    <subfield code="c">(3</subfield>
  </datafield>
  <datafield tag="245" ind1="0" ind2="0">
    <subfield code="6">880-01</subfield>
    <subfield code="a">Taqrīr al-istiqrār al-mālī fī al-Duwal al-ʻArabīyah /</subfield>
    <subfield code="c">Ṣundūq al-Naqd al-ʻArabī.</subfield>
  </datafield>
  <datafield tag="264" ind1=" " ind2="1">
    <subfield code="6">880-02</subfield>
    <subfield code="a">Abū Ẓaby, al-Imārāt al-ʻArabīyah al-Muttaḥidah :</subfield>
    <subfield code="b">Majlis Muḥāfiẓī al-Maṣārif al-Markazīyah wa-Muʼassasāt al-Naqd al-ʻArabīyah, Amānat Farīq al-Istiqrār al-Mālī,</subfield>
    <subfield code="c">[2018]-</subfield>
  </datafield>
  <datafield tag="300" ind1=" " ind2=" ">
    <subfield code="a">volumes :</subfield>
    <subfield code="b">color illustrations ;</subfield>
    <subfield code="c">30 cm</subfield>
  </datafield>
  <datafield tag="310" ind1=" " ind2=" ">
    <subfield code="a">Annual</subfield>
  </datafield>
  <datafield tag="336" ind1=" " ind2=" ">
    <subfield code="a">text</subfield>
    <subfield code="2">rdacontent</subfield>
  </datafield>
  <datafield tag="337" ind1=" " ind2=" ">
    <subfield code="a">unmediated</subfield>
    <subfield code="2">rdamedia</subfield>
  </datafield>
  <datafield tag="338" ind1=" " ind2=" ">
    <subfield code="a">volume</subfield>
    <subfield code="2">rdacarrier</subfield>
  </datafield>
  <datafield tag="362" ind1="0" ind2=" ">
    <subfield code="6">880-03</subfield>
    <subfield code="a">al-Iṣdār 1. (2018)-</subfield>
  </datafield>
  <datafield tag="500" ind1=" " ind2=" ">
    <subfield code="a">Title from title page.</subfield>
  </datafield>
  <datafield tag="530" ind1=" " ind2=" ">
    <subfield code="a">Also issued online.</subfield>
  </datafield>
  <datafield tag="550" ind1=" " ind2=" ">
    <subfield code="a">Issued by: Ṣundūq al-Naqd al-ʻArabī.; Majlis Muḥāfiẓī al-Maṣārif al-Markazīyah wa-Muʼassasāt al-Naqd al-ʻArabīyah, Amānat Farīq al-Istiqrār al-Māli.</subfield>
  </datafield>
  <datafield tag="651" ind1=" " ind2="0">
    <subfield code="a">Arab countries</subfield>
    <subfield code="x">Economic conditions</subfield>
    <subfield code="v">Periodicals.</subfield>
  </datafield>
  <datafield tag="710" ind1="2" ind2=" ">
    <subfield code="a">Arab Monetary Fund,</subfield>
    <subfield code="e">issuing body.</subfield>
  </datafield>
  <datafield tag="710" ind1="2" ind2=" ">
    <subfield code="a">Arab Monetary Fund.</subfield>
    <subfield code="b">Council of Arab Central Banks and Monetary Authorities Governors,</subfield>
    <subfield code="e">issuing body.</subfield>
  </datafield>
  <datafield tag="710" ind1="2" ind2=" ">
    <subfield code="a">Arab Monetary Fund.</subfield>
    <subfield code="b">Council of Arab Central Banks and Monetary Authorities Governors.</subfield>
    <subfield code="b">Financial Stability Task Force,</subfield>
    <subfield code="e">issuing body.</subfield>
  </datafield>
  <datafield tag="850" ind1=" " ind2=" ">
    <subfield code="a">DLC</subfield>
  </datafield>
  <datafield tag="859" ind1="4" ind2="1">
    <subfield code="u">https://www.amf.org.ae/ar/content/%D8%AA%D9%82%D8%B1%D9%8A%D8%B1-%D8%A7%D9%84%D8%A7%D8%B3%D8%AA%D9%82%D8%B1%D8%A7%D8%B1-%D8%A7%D9%84%D9%85%D8%A7%D9%84%D9%8A-%D9%81%D9%8A-%D8%A7%D9%84%D8%AF%D9%88%D9%84-%D8%A7%D9%84%D8%B9%D8%B1%D8%A8%D9%8A%D8%A9-2019</subfield>
  </datafield>
  <datafield tag="880" ind1="0" ind2="0">
    <subfield code="6">245-01/(3/r</subfield>
    <subfield code="a">تقرير الاستقرار المالي في الدول العربية /</subfield>
    <subfield code="c">صندوق النقد العربي.</subfield>
  </datafield>
  <datafield tag="880" ind1=" " ind2="1">
    <subfield code="6">264-02/(3/r</subfield>
    <subfield code="a">ابو ظبي، الامارات العربية المتحدة :</subfield>
    <subfield code="b">مجلس محافظي المصارف المركزية ومؤسسات النقد العربية، أمانة فريق الاستقرار المالي،</subfield>
    <subfield code="c">[2018]-</subfield>
  </datafield>
  <datafield tag="880" ind1="0" ind2=" ">
    <subfield code="6">362-03/(3/r</subfield>
    <subfield code="a">الاصدار 1. (2018)-</subfield>
  </datafield>
</record>