
<record>
  <leader>03026cam a22003618i 4500</leader>
  <controlfield tag="001">21344852</controlfield>
  <controlfield tag="005">20200102175711.0</controlfield>
  <controlfield tag="008">191216s2020    nyu      b    001 0 eng  </controlfield>
  <datafield tag="906" ind1=" " ind2=" ">
    <subfield code="a">0</subfield>
    <subfield code="b">ibc</subfield>
    <subfield code="c">orignew</subfield>
    <subfield code="d">1</subfield>
    <subfield code="e">ecip</subfield>
    <subfield code="f">20</subfield>
    <subfield code="g">y-gencatlg</subfield>
  </datafield>
  <datafield tag="925" ind1="0" ind2=" ">
    <subfield code="a">acquire</subfield>
    <subfield code="b">1 shelf copy</subfield>
    <subfield code="x">policy default</subfield>
  </datafield>
  <datafield tag="955" ind1=" " ind2=" ">
    <subfield code="b">LBSOR 2019-12-16</subfield>
    <subfield code="e">rk21 2020-01-02 to Dewey (telework)</subfield>
  </datafield>
  <datafield tag="010" ind1=" " ind2=" ">
    <subfield code="a">  2019034409</subfield>
  </datafield>
  <datafield tag="020" ind1=" " ind2=" ">
    <subfield code="a">9780393634846</subfield>
    <subfield code="q">(hardcover)</subfield>
  </datafield>
  <datafield tag="020" ind1=" " ind2=" ">
    <subfield code="z">9780393634853</subfield>
    <subfield code="q">(epub)</subfield>
  </datafield>
  <datafield tag="040" ind1=" " ind2=" ">
    <subfield code="a">LBSOR/DLC</subfield>
    <subfield code="b">eng</subfield>
    <subfield code="e">rda</subfield>
    <subfield code="c">DLC</subfield>
  </datafield>
  <datafield tag="042" ind1=" " ind2=" ">
    <subfield code="a">pcc</subfield>
  </datafield>
  <datafield tag="050" ind1="0" ind2="0">
    <subfield code="a">BF1729.S34</subfield>
    <subfield code="b">B69 2020</subfield>
  </datafield>
  <datafield tag="100" ind1="1" ind2=" ">
    <subfield code="a">Boxer, Alexander,</subfield>
    <subfield code="e">author.</subfield>
  </datafield>
  <datafield tag="245" ind1="1" ind2="2">
    <subfield code="a">A scheme of heaven :</subfield>
    <subfield code="b">the history of astrology and the search for our destiny in data /</subfield>
    <subfield code="c">Alexander Boxer.</subfield>
  </datafield>
  <datafield tag="250" ind1=" " ind2=" ">
    <subfield code="a">First edition.</subfield>
  </datafield>
  <datafield tag="263" ind1=" " ind2=" ">
    <subfield code="a">2001</subfield>
  </datafield>
  <datafield tag="264" ind1=" " ind2="1">
    <subfield code="a">New York, NY :</subfield>
    <subfield code="b">W.W. Norton &amp; Company,</subfield>
    <subfield code="c">[2020]</subfield>
  </datafield>
  <datafield tag="300" ind1=" " ind2=" ">
    <subfield code="a">pages cm</subfield>
  </datafield>
  <datafield tag="336" ind1=" " ind2=" ">
    <subfield code="a">text</subfield>
    <subfield code="b">txt</subfield>
    <subfield code="2">rdacontent</subfield>
  </datafield>
  <datafield tag="337" ind1=" " ind2=" ">
    <subfield code="a">unmediated</subfield>
    <subfield code="b">n</subfield>
    <subfield code="2">rdamedia</subfield>
  </datafield>
  <datafield tag="338" ind1=" " ind2=" ">
    <subfield code="a">volume</subfield>
    <subfield code="b">nc</subfield>
    <subfield code="2">rdacarrier</subfield>
  </datafield>
  <datafield tag="504" ind1=" " ind2=" ">
    <subfield code="a">Includes bibliographical references and index.</subfield>
  </datafield>
  <datafield tag="505" ind1="0" ind2=" ">
    <subfield code="a">To everything there is a season -- From obscure beginnings -- A quick spin around the celestial sphere -- Signs from above : Marcus Manilius and the traits of the zodiac -- Claudius Ptolemy&apos;s astrological travel guide -- How unique is a horoscope? Vettius Valens and the gospel of fate -- Patterns, patterns, everywhere! Masha&apos;Allah&apos;s astrological history of the world -- When you wish upon a star, which algorithm should you use? Guido Bonatti&apos;s astrological wheel of fortune -- What&apos;s in a name? Astronomers, astrologers, and mathematicians -- Big astrology -- Conclusion: Upon the words of no one.</subfield>
  </datafield>
  <datafield tag="520" ind1=" " ind2=" ">
    <subfield code="a">&quot;An illuminating look at the surprising history and science of astrology, civilization&apos;s first system of algorithms, from Babylon to the present day. Humans are pattern-matching creatures, and astrology is our grandest pattern-matching game. In this refreshing work of history and analysis, data scientist Alexander Boxer examines classical texts on astrology to expose its underlying scientific and mathematical framework. Astrology, he argues, was the ancient world&apos;s most ambitious applied mathematics problem, a grand data-analysis enterprise sustained by some of history&apos;s most brilliant minds from Ptolemy to al- Kindi to Kepler. A &quot;scheme of heaven,&quot; or horoscope, is recognized as pseudoscience today, but was once considered a cutting-edge scientific tool. Not only does Boxer trace different applications of horoscopes back to their origins, he also puts them to the test using modern data sets and statistical science, arguing that today&apos;s data scientists do work similar to astrologers of yore. At once critical, rigorous, and far-ranging, A Scheme of Heaven recontextualizes astrology as a vast, technological project-spanning continents and centuries-that foreshadowed our data-driven world today&quot;--</subfield>
    <subfield code="c">Provided by publisher.</subfield>
  </datafield>
  <datafield tag="650" ind1=" " ind2="0">
    <subfield code="a">Science and astrology.</subfield>
  </datafield>
  <datafield tag="650" ind1=" " ind2="0">
    <subfield code="a">Astrology</subfield>
    <subfield code="x">Mathematics.</subfield>
  </datafield>
  <datafield tag="650" ind1=" " ind2="0">
    <subfield code="a">Astrology</subfield>
    <subfield code="x">History.</subfield>
  </datafield>
  <datafield tag="985" ind1=" " ind2=" ">
    <subfield code="a">LBSORCIP</subfield>
    <subfield code="d">2019-12-16</subfield>
  </datafield>
</record>