
<record>
  <leader>02683cam a22003738i 4500</leader>
  <controlfield tag="001">21344993</controlfield>
  <controlfield tag="005">20200102132037.0</controlfield>
  <controlfield tag="008">191226s2020    enk      b    001 0 eng  </controlfield>
  <datafield tag="906" ind1=" " ind2=" ">
    <subfield code="a">7</subfield>
    <subfield code="b">cbc</subfield>
    <subfield code="c">orignew</subfield>
    <subfield code="d">1</subfield>
    <subfield code="e">ecip</subfield>
    <subfield code="f">20</subfield>
    <subfield code="g">y-gencatlg</subfield>
  </datafield>
  <datafield tag="925" ind1="0" ind2=" ">
    <subfield code="a">acquire</subfield>
    <subfield code="b">1 shelf copy</subfield>
    <subfield code="x">policy default</subfield>
  </datafield>
  <datafield tag="955" ind1=" " ind2=" ">
    <subfield code="b">rm14 2019-12-26</subfield>
    <subfield code="i">rm14 2019-12-26</subfield>
    <subfield code="w">xm07 2020-01-02</subfield>
  </datafield>
  <datafield tag="010" ind1=" " ind2=" ">
    <subfield code="a">  2019059735</subfield>
  </datafield>
  <datafield tag="020" ind1=" " ind2=" ">
    <subfield code="a">9781292282305</subfield>
    <subfield code="q">(paperback)</subfield>
  </datafield>
  <datafield tag="020" ind1=" " ind2=" ">
    <subfield code="z">9781292282336</subfield>
    <subfield code="q">(ebook)</subfield>
  </datafield>
  <datafield tag="020" ind1=" " ind2=" ">
    <subfield code="z">9781292282329</subfield>
    <subfield code="q">(epub)</subfield>
  </datafield>
  <datafield tag="040" ind1=" " ind2=" ">
    <subfield code="a">DLC</subfield>
    <subfield code="b">eng</subfield>
    <subfield code="e">rda</subfield>
    <subfield code="c">DLC</subfield>
  </datafield>
  <datafield tag="042" ind1=" " ind2=" ">
    <subfield code="a">pcc</subfield>
  </datafield>
  <datafield tag="050" ind1="0" ind2="0">
    <subfield code="a">BF39</subfield>
    <subfield code="b">.H74 2020</subfield>
  </datafield>
  <datafield tag="082" ind1="0" ind2="0">
    <subfield code="a">150.1/5195</subfield>
    <subfield code="2">23</subfield>
  </datafield>
  <datafield tag="100" ind1="1" ind2=" ">
    <subfield code="a">Howitt, Dennis,</subfield>
    <subfield code="e">author.</subfield>
  </datafield>
  <datafield tag="245" ind1="1" ind2="0">
    <subfield code="a">Understanding statistics in psychology with SPSS /</subfield>
    <subfield code="c">Dennis Howitt, Loughborough University, Duncan Cramer, Loughborough University.</subfield>
  </datafield>
  <datafield tag="250" ind1=" " ind2=" ">
    <subfield code="a">Eighth edition.</subfield>
  </datafield>
  <datafield tag="263" ind1=" " ind2=" ">
    <subfield code="a">2006</subfield>
  </datafield>
  <datafield tag="264" ind1=" " ind2="1">
    <subfield code="a">Harlow, England ;</subfield>
    <subfield code="a">New York :</subfield>
    <subfield code="b">Pearson,</subfield>
    <subfield code="c">2020.</subfield>
  </datafield>
  <datafield tag="300" ind1=" " ind2=" ">
    <subfield code="a">pages cm</subfield>
  </datafield>
  <datafield tag="336" ind1=" " ind2=" ">
    <subfield code="a">text</subfield>
    <subfield code="b">txt</subfield>
    <subfield code="2">rdacontent</subfield>
  </datafield>
  <datafield tag="337" ind1=" " ind2=" ">
    <subfield code="a">unmediated</subfield>
    <subfield code="b">n</subfield>
    <subfield code="2">rdamedia</subfield>
  </datafield>
  <datafield tag="338" ind1=" " ind2=" ">
    <subfield code="a">volume</subfield>
    <subfield code="b">nc</subfield>
    <subfield code="2">rdacarrier</subfield>
  </datafield>
  <datafield tag="500" ind1=" " ind2=" ">
    <subfield code="a">&quot;First published 1997&quot;--Title page verso.</subfield>
  </datafield>
  <datafield tag="504" ind1=" " ind2=" ">
    <subfield code="a">Includes bibliographical references and index.</subfield>
  </datafield>
  <datafield tag="520" ind1=" " ind2=" ">
    <subfield code="a">&quot;Understanding Statistics in Psychology with SPSS, eighth edition, offers students a trusted, straightforward, and engaging way of learning to do statistical analyses confidently using SPSS. Comprehensive and practical, the text is organised into short accessible chapters, making it the ideal text for undergraduate psychology students needing to get to grips with statistics in class or independently. Clear diagrams and full colour screenshots from SPSS make the text suitable for beginners while the broad coverage of topics ensures that students can continue to use it as they progress to more advanced techniques. Key features: Combines coverage of statistics with full guidance on how to use SPSS to analyse data. Suitable for use with all versions of SPSS. Examples from a wide range of real psychological studies illustrate how statistical techniques are used in practice. Includes clear and detailed guidance on choosing tests, interpreting findings and reporting and writing up research. Student-focused pedagogical approach including: Key concept boxes detailing important terms. Focus on sections exploring complex topics in greater depth. Explaining statistics sections clarifying important statistical concepts&quot;--</subfield>
    <subfield code="c">Provided by publisher.</subfield>
  </datafield>
  <datafield tag="650" ind1=" " ind2="0">
    <subfield code="a">Psychometrics.</subfield>
  </datafield>
  <datafield tag="700" ind1="1" ind2=" ">
    <subfield code="a">Cramer, Duncan,</subfield>
    <subfield code="d">1948-</subfield>
    <subfield code="e">author.</subfield>
  </datafield>
  <datafield tag="776" ind1="0" ind2="8">
    <subfield code="i">Online version:</subfield>
    <subfield code="a">Howitt, Dennis,</subfield>
    <subfield code="t">Understanding statistics in psychology with SPSS</subfield>
    <subfield code="b">Eighth edition.</subfield>
    <subfield code="d">Harlow, England ; New York : Pearson, 2020.</subfield>
    <subfield code="z">9781292282336</subfield>
    <subfield code="w">(DLC) 2019059736</subfield>
  </datafield>
</record>