
<record>
  <leader>02208cam a22003378i 4500</leader>
  <controlfield tag="001">21345924</controlfield>
  <controlfield tag="005">20200102065341.0</controlfield>
  <controlfield tag="008">191227s2020    ne       b    001 0 eng  </controlfield>
  <datafield tag="906" ind1=" " ind2=" ">
    <subfield code="a">0</subfield>
    <subfield code="b">ibc</subfield>
    <subfield code="c">orignew</subfield>
    <subfield code="d">1</subfield>
    <subfield code="e">ecip</subfield>
    <subfield code="f">20</subfield>
    <subfield code="g">y-gencatlg</subfield>
  </datafield>
  <datafield tag="925" ind1="0" ind2=" ">
    <subfield code="a">acquire</subfield>
    <subfield code="b">1 shelf copy</subfield>
    <subfield code="x">policy default</subfield>
  </datafield>
  <datafield tag="955" ind1=" " ind2=" ">
    <subfield code="b">rk11 2019-12-27; ques. to publ.</subfield>
    <subfield code="c">rk11 2020-01-02 to subj.</subfield>
  </datafield>
  <datafield tag="010" ind1=" " ind2=" ">
    <subfield code="a">  2019059229</subfield>
  </datafield>
  <datafield tag="020" ind1=" " ind2=" ">
    <subfield code="a">9789004424449</subfield>
    <subfield code="q">(hardback)</subfield>
  </datafield>
  <datafield tag="020" ind1=" " ind2=" ">
    <subfield code="z">9789004425545</subfield>
    <subfield code="q">(ebook)</subfield>
  </datafield>
  <datafield tag="040" ind1=" " ind2=" ">
    <subfield code="a">DLC</subfield>
    <subfield code="b">eng</subfield>
    <subfield code="e">rda</subfield>
    <subfield code="c">DLC</subfield>
  </datafield>
  <datafield tag="042" ind1=" " ind2=" ">
    <subfield code="a">pcc</subfield>
  </datafield>
  <datafield tag="050" ind1="0" ind2="0">
    <subfield code="a">IN PROCESS</subfield>
  </datafield>
  <datafield tag="100" ind1="1" ind2=" ">
    <subfield code="a">Branch-Trevathan, George,</subfield>
    <subfield code="e">author.</subfield>
  </datafield>
  <datafield tag="245" ind1="1" ind2="4">
    <subfield code="a">The Sermon on the mount and spiritual exercises :</subfield>
    <subfield code="b">the making of the Matthean self /</subfield>
    <subfield code="c">by George Branch-Trevathan.</subfield>
  </datafield>
  <datafield tag="263" ind1=" " ind2=" ">
    <subfield code="a">2005</subfield>
  </datafield>
  <datafield tag="264" ind1=" " ind2="1">
    <subfield code="a">Leiden ;</subfield>
    <subfield code="a">Boston :</subfield>
    <subfield code="b">Brill,</subfield>
    <subfield code="c">2020.</subfield>
  </datafield>
  <datafield tag="300" ind1=" " ind2=" ">
    <subfield code="a">pages cm</subfield>
  </datafield>
  <datafield tag="336" ind1=" " ind2=" ">
    <subfield code="a">text</subfield>
    <subfield code="b">txt</subfield>
    <subfield code="2">rdacontent</subfield>
  </datafield>
  <datafield tag="337" ind1=" " ind2=" ">
    <subfield code="a">unmediated</subfield>
    <subfield code="b">n</subfield>
    <subfield code="2">rdamedia</subfield>
  </datafield>
  <datafield tag="338" ind1=" " ind2=" ">
    <subfield code="a">volume</subfield>
    <subfield code="b">nc</subfield>
    <subfield code="2">rdacarrier</subfield>
  </datafield>
  <datafield tag="490" ind1="0" ind2=" ">
    <subfield code="a">Novum testamentum, supplements,</subfield>
    <subfield code="x">01679732 ;</subfield>
    <subfield code="v">178</subfield>
  </datafield>
  <datafield tag="520" ind1=" " ind2=" ">
    <subfield code="a">&quot;What, in Matthew&apos;s view, should a human being become and how does one attain that ideal? In The Sermon on the Mount and Spiritual Exercises: The Making of the Matthean Self, George Branch-Trevathan presents a new account of Matthew&apos;s ethics and argues that the evangelist presents the Sermon on the Mount as functioning like many other ancient sayings collections, that is, as facilitating transformative work on oneself, or &quot;spiritual exercises,&quot; that enable one to realize the evangelist&apos;s ideals. The conclusion suggests some implications for our understanding of ethical formation in antiquity and the study of ethics more generally. This will be an essential volume for scholars studying the Gospel of Matthew, early Christian ethics, the relationships between early Christian and ancient philosophical writings, or ethical formation in antiquity&quot;--</subfield>
    <subfield code="c">Provided by publisher.</subfield>
  </datafield>
  <datafield tag="500" ind1=" " ind2=" ">
    <subfield code="a">Revision the author&apos;s thesis (doctoral)--Emory University, 2016.</subfield>
  </datafield>
  <datafield tag="504" ind1=" " ind2=" ">
    <subfield code="a">Includes bibliographical references and index.</subfield>
  </datafield>
  <datafield tag="630" ind1="0" ind2="0">
    <subfield code="a">Sermon on the mount</subfield>
  </datafield>
  <datafield tag="776" ind1="0" ind2="8">
    <subfield code="i">Online version:</subfield>
    <subfield code="a">Branch-Trevathan, George</subfield>
    <subfield code="t">Sermon on the mount and spiritual exercises</subfield>
    <subfield code="d">Leiden ; Boston : Brill, 2020</subfield>
    <subfield code="z">9789004425545</subfield>
    <subfield code="w">(DLC) 2019059230</subfield>
  </datafield>
</record>