
<record>
  <leader>02572cam a22003857i 4500</leader>
  <controlfield tag="001">21346441</controlfield>
  <controlfield tag="005">20200102085323.0</controlfield>
  <controlfield tag="008">191227s2017    it a     b    000 0dita  </controlfield>
  <datafield tag="906" ind1=" " ind2=" ">
    <subfield code="a">7</subfield>
    <subfield code="b">cbc</subfield>
    <subfield code="c">origres</subfield>
    <subfield code="d">2</subfield>
    <subfield code="e">ncip</subfield>
    <subfield code="f">20</subfield>
    <subfield code="g">y-gencatlg</subfield>
  </datafield>
  <datafield tag="925" ind1="0" ind2=" ">
    <subfield code="a">acquire</subfield>
    <subfield code="b">1 shelf copy</subfield>
    <subfield code="x">policy default</subfield>
  </datafield>
  <datafield tag="955" ind1=" " ind2=" ">
    <subfield code="b">rk20 2019-12-27</subfield>
  </datafield>
  <datafield tag="955" ind1=" " ind2=" ">
    <subfield code="b">rk11 2019-12-31 z-processor</subfield>
    <subfield code="i">rk11 2019-12-31 to Dewey</subfield>
  </datafield>
  <datafield tag="010" ind1=" " ind2=" ">
    <subfield code="a">  2019301995</subfield>
  </datafield>
  <datafield tag="020" ind1=" " ind2=" ">
    <subfield code="a">9788873366669</subfield>
  </datafield>
  <datafield tag="020" ind1=" " ind2=" ">
    <subfield code="a">887336666X</subfield>
  </datafield>
  <datafield tag="040" ind1=" " ind2=" ">
    <subfield code="a">DLC</subfield>
    <subfield code="c">DLC</subfield>
  </datafield>
  <datafield tag="042" ind1=" " ind2=" ">
    <subfield code="a">pcc</subfield>
  </datafield>
  <datafield tag="043" ind1=" " ind2=" ">
    <subfield code="a">e-it---</subfield>
  </datafield>
  <datafield tag="050" ind1="0" ind2="0">
    <subfield code="a">N6923.G68</subfield>
    <subfield code="b">S87 2017</subfield>
  </datafield>
  <datafield tag="100" ind1="1" ind2=" ">
    <subfield code="a">Surliuga, Victoria,</subfield>
    <subfield code="d">1972-</subfield>
    <subfield code="e">author.</subfield>
  </datafield>
  <datafield tag="245" ind1="1" ind2="0">
    <subfield code="a">Ezio Gribaudo :</subfield>
    <subfield code="b">il mio Pinocchio /</subfield>
    <subfield code="c">Victoria Surliuga.</subfield>
  </datafield>
  <datafield tag="264" ind1=" " ind2="1">
    <subfield code="a">Pistoia :</subfield>
    <subfield code="b">Gli ori,</subfield>
    <subfield code="c">[2017]</subfield>
  </datafield>
  <datafield tag="300" ind1=" " ind2=" ">
    <subfield code="a">131 pages :</subfield>
    <subfield code="b">illustrations (chiefly color) ;</subfield>
    <subfield code="c">27 cm</subfield>
  </datafield>
  <datafield tag="336" ind1=" " ind2=" ">
    <subfield code="a">text</subfield>
    <subfield code="b">txt</subfield>
    <subfield code="2">rdacontent</subfield>
  </datafield>
  <datafield tag="337" ind1=" " ind2=" ">
    <subfield code="a">unmediated</subfield>
    <subfield code="b">n</subfield>
    <subfield code="2">rdamedia</subfield>
  </datafield>
  <datafield tag="338" ind1=" " ind2=" ">
    <subfield code="a">volume</subfield>
    <subfield code="b">nc</subfield>
    <subfield code="2">rdacarrier</subfield>
  </datafield>
  <datafield tag="520" ind1="8" ind2=" ">
    <subfield code="a">In questo volume viene presentato il tema di Pinocchio nell&apos;opera dell&apos;arti- sta Ezio Gribaudo, uno dei fil rouge del suo decennale lavo- ro. A partire dagli anni cinquanta, Gri- baudo ha incorpora- to all&apos;interno della sua produzione il ro- manzo di Carlo Collodi, &apos;Le avventure di Pinocchio&apos;, con frequenti richiami tematici che si svi- luppano in una per - sonale elaborazione del personaggio principale. Gribaudo pone Pinocchio all&apos;interno dei suoi gruppi espressivi iconi- ci, che vanno dai logogrifi (con i quali ha vinto la XXXIII Biennale di Venezia nel 1966), ai flani, i monocromatismi bianchi (apprezzati e commentati da Giorgio de Chirico in una lettera a lui indirizzata del 1969), i Teatri della memo- ria e le sculture. 0Il volume coglie così l&apos;universalità del tema di Pinocchio, che Gribaudo propone come sagoma che evoca il mito col- lettivo dell&apos;infanzia. Così facendo, Gribaudo fa emergere il burattino di Collodi come raffigurazione mediata dal rapporto tra testo e immagine, soggetto trasferito da uno strumento letterario a uno artistico, generatore di simboli e di icone.</subfield>
  </datafield>
  <datafield tag="504" ind1=" " ind2=" ">
    <subfield code="a">Includes bibliographical references.</subfield>
  </datafield>
  <datafield tag="600" ind1="1" ind2="0">
    <subfield code="a">Gribaudo, Ezio</subfield>
    <subfield code="x">Themes, motives.</subfield>
  </datafield>
  <datafield tag="600" ind1="0" ind2="0">
    <subfield code="a">Pinocchio</subfield>
    <subfield code="c">(Fictitious character)</subfield>
    <subfield code="v">Art.</subfield>
  </datafield>
  <datafield tag="600" ind1="1" ind2="0">
    <subfield code="a">Collodi, Carlo,</subfield>
    <subfield code="d">1826-1890.</subfield>
    <subfield code="t">Avventure di Pinocchio</subfield>
    <subfield code="x">Illustrations.</subfield>
  </datafield>
  <datafield tag="700" ind1="1" ind2=" ">
    <subfield code="a">Gribaudo, Ezio.</subfield>
  </datafield>
  <datafield tag="856" ind1="4" ind2="1">
    <subfield code="3">Table of contents</subfield>
    <subfield code="z">Available to Stanford-affiliated users at</subfield>
    <subfield code="u">http://bookdata.stanford.edu/casalini/suauth/17/32/17321115.pdf</subfield>
    <subfield code="x">CasaliniTOC</subfield>
    <subfield code="z">(source: Casalini)</subfield>
  </datafield>
  <datafield tag="856" ind1="4" ind2="2">
    <subfield code="u">http://www.columbia.edu/cgi-bin/cul/resolve?clio12949321</subfield>
    <subfield code="3">TOC</subfield>
  </datafield>
  <datafield tag="985" ind1=" " ind2=" ">
    <subfield code="a">BibframePilot2</subfield>
    <subfield code="e">20191231</subfield>
  </datafield>
</record>