
<record>
  <leader>03467cam a22003738i 4500</leader>
  <controlfield tag="001">21346497</controlfield>
  <controlfield tag="005">20200102152736.0</controlfield>
  <controlfield tag="008">191227s2020    nyu      b    001 0deng  </controlfield>
  <datafield tag="906" ind1=" " ind2=" ">
    <subfield code="a">7</subfield>
    <subfield code="b">cbc</subfield>
    <subfield code="c">orignew</subfield>
    <subfield code="d">1</subfield>
    <subfield code="e">ecip</subfield>
    <subfield code="f">20</subfield>
    <subfield code="g">y-gencatlg</subfield>
  </datafield>
  <datafield tag="925" ind1="0" ind2=" ">
    <subfield code="a">acquire</subfield>
    <subfield code="b">2 shelf copies</subfield>
    <subfield code="x">policy default</subfield>
  </datafield>
  <datafield tag="955" ind1=" " ind2=" ">
    <subfield code="b">rf11 2019-12-27</subfield>
    <subfield code="i">rf11 2019-12-27 to SL</subfield>
    <subfield code="e">rf07 2019-12-31 (telework) to Dewey</subfield>
    <subfield code="w">xm09 2020-1-2</subfield>
  </datafield>
  <datafield tag="010" ind1=" " ind2=" ">
    <subfield code="a">  2019057963</subfield>
  </datafield>
  <datafield tag="020" ind1=" " ind2=" ">
    <subfield code="a">9780525560159</subfield>
    <subfield code="q">(hardcover)</subfield>
  </datafield>
  <datafield tag="020" ind1=" " ind2=" ">
    <subfield code="z">9780525560166</subfield>
    <subfield code="q">(ebook)</subfield>
  </datafield>
  <datafield tag="040" ind1=" " ind2=" ">
    <subfield code="a">DLC</subfield>
    <subfield code="b">eng</subfield>
    <subfield code="e">rda</subfield>
    <subfield code="c">DLC</subfield>
  </datafield>
  <datafield tag="042" ind1=" " ind2=" ">
    <subfield code="a">pcc</subfield>
  </datafield>
  <datafield tag="043" ind1=" " ind2=" ">
    <subfield code="a">n-us---</subfield>
  </datafield>
  <datafield tag="050" ind1="0" ind2="0">
    <subfield code="a">E169.1</subfield>
    <subfield code="b">.W6885 2020</subfield>
  </datafield>
  <datafield tag="082" ind1="0" ind2="0">
    <subfield code="a">320.540973</subfield>
    <subfield code="2">23</subfield>
  </datafield>
  <datafield tag="100" ind1="1" ind2=" ">
    <subfield code="a">Woodard, Colin,</subfield>
    <subfield code="d">1968-</subfield>
    <subfield code="e">author.</subfield>
  </datafield>
  <datafield tag="245" ind1="1" ind2="0">
    <subfield code="a">Union :</subfield>
    <subfield code="b">the struggle to forge the story of United States nationhood /</subfield>
    <subfield code="c">Colin Woodard.</subfield>
  </datafield>
  <datafield tag="263" ind1=" " ind2=" ">
    <subfield code="a">2005</subfield>
  </datafield>
  <datafield tag="264" ind1=" " ind2="1">
    <subfield code="a">New York :</subfield>
    <subfield code="b">Viking,</subfield>
    <subfield code="c">2020.</subfield>
  </datafield>
  <datafield tag="300" ind1=" " ind2=" ">
    <subfield code="a">pages cm</subfield>
  </datafield>
  <datafield tag="336" ind1=" " ind2=" ">
    <subfield code="a">text</subfield>
    <subfield code="b">txt</subfield>
    <subfield code="2">rdacontent</subfield>
  </datafield>
  <datafield tag="337" ind1=" " ind2=" ">
    <subfield code="a">unmediated</subfield>
    <subfield code="b">n</subfield>
    <subfield code="2">rdamedia</subfield>
  </datafield>
  <datafield tag="338" ind1=" " ind2=" ">
    <subfield code="a">volume</subfield>
    <subfield code="b">nc</subfield>
    <subfield code="2">rdacarrier</subfield>
  </datafield>
  <datafield tag="504" ind1=" " ind2=" ">
    <subfield code="a">Includes bibliographical references and index.</subfield>
  </datafield>
  <datafield tag="520" ind1=" " ind2=" ">
    <subfield code="a">&quot;The author of American Nations returns to the historical study of a fractured America by examining how a myth of national unity was created and fought over in the nineteenth century--a myth that continues to affect us today. Union tells the story of how the myth of our national origins, identity, and purpose was intentionally created in the nineteenth and early twentieth centuries. A small group of individuals--historians, political leaders, and novelists--fashioned a history that attempted to erase the fundamental differences and profound tensions between the nation&apos;s regional cultures, the motive for the Confederacy&apos;s secession (protecting a slave system), and even the reasons that drove the colonies to secede from Britain. These men were creating the idea of an American nation instead of a union of disparate states, and a specific, ethnically defined &quot;American people&quot; instead of just a republican citizenry. Their emerging nationalist story was immediately and powerfully contested by another set of intellectuals and firebrands who argued that the United States was instead an ethno-state, the homeland of the allegedly superior &quot;Anglo-Saxon&quot; race, upon whom Divine and Darwinian favor shined. Their vision helped create a new federation--the Confederacy--prompting the bloody Civil War. While defeated on the battlefield, their vision later managed to win the war of ideas in the late nineteenth century, capturing the White House in the early twentieth century, and offering the first consensus, pan-regional vision of U.S. nationhood by the close of the first World War. This narrower, more exclusive vision of America would be overthrown in mid-century, but as early twenty-first-century Americans discovered, it was never fully vanquished. Woodard tells the story of the genesis and epic confrontations between these visions of our nation&apos;s path and purpose through the lives of the key figures who created them, a cast of characters whose personal quirks and virtues, gifts and demons shaped the destiny of millions&quot;--</subfield>
    <subfield code="c">Provided by publisher.</subfield>
  </datafield>
  <datafield tag="650" ind1=" " ind2="0">
    <subfield code="a">Nationalism</subfield>
    <subfield code="z">United States</subfield>
    <subfield code="x">History.</subfield>
  </datafield>
  <datafield tag="650" ind1=" " ind2="0">
    <subfield code="a">Regionalism</subfield>
    <subfield code="z">United States</subfield>
    <subfield code="x">History .</subfield>
  </datafield>
  <datafield tag="651" ind1=" " ind2="0">
    <subfield code="a">United States</subfield>
    <subfield code="x">Politics and government</subfield>
    <subfield code="x">Philosophy.</subfield>
  </datafield>
  <datafield tag="650" ind1=" " ind2="0">
    <subfield code="a">National characteristics, American</subfield>
    <subfield code="x">History .</subfield>
  </datafield>
  <datafield tag="776" ind1="0" ind2="8">
    <subfield code="i">Online version:</subfield>
    <subfield code="a">Woodard, Colin, 1968-</subfield>
    <subfield code="t">Union.</subfield>
    <subfield code="d">New York : Viking, 2020</subfield>
    <subfield code="z">9780525560166</subfield>
    <subfield code="w">(DLC) 2019057964</subfield>
  </datafield>
</record>