
<record>
  <leader>02490cam a22004571i 4500</leader>
  <controlfield tag="001">21346595</controlfield>
  <controlfield tag="005">20200102195958.0</controlfield>
  <controlfield tag="008">191227s2019    ru abcf  b    001 0 rus c</controlfield>
  <datafield tag="906" ind1=" " ind2=" ">
    <subfield code="a">0</subfield>
    <subfield code="b">cbc</subfield>
    <subfield code="c">pccadap</subfield>
    <subfield code="d">3</subfield>
    <subfield code="e">ncip</subfield>
    <subfield code="f">20</subfield>
    <subfield code="g">y-nonroman</subfield>
  </datafield>
  <datafield tag="925" ind1="0" ind2=" ">
    <subfield code="a">acquire</subfield>
    <subfield code="b">1 shelf copy</subfield>
    <subfield code="x">policy default</subfield>
  </datafield>
  <datafield tag="955" ind1=" " ind2=" ">
    <subfield code="b">fe15 2019-12-27 z-processor JACKPHY to cat.</subfield>
    <subfield code="a">fe00 2019-01-02 to GS/RUS</subfield>
    <subfield code="i">fe15 2019-01-02 telework to BCCD</subfield>
  </datafield>
  <datafield tag="020" ind1=" " ind2=" ">
    <subfield code="a">9785020405325</subfield>
  </datafield>
  <datafield tag="035" ind1=" " ind2=" ">
    <subfield code="a">(OCoLC)on1105930861</subfield>
  </datafield>
  <datafield tag="040" ind1=" " ind2=" ">
    <subfield code="a">UIU</subfield>
    <subfield code="b">eng</subfield>
    <subfield code="c">UIU</subfield>
    <subfield code="e">rda</subfield>
    <subfield code="d">YUS</subfield>
    <subfield code="d">IXA</subfield>
    <subfield code="d">OCLCF</subfield>
    <subfield code="d">CGU</subfield>
    <subfield code="d">UKMGB</subfield>
    <subfield code="d">WAU</subfield>
    <subfield code="d">OCLCA</subfield>
    <subfield code="d">IUL</subfield>
    <subfield code="d">DLC</subfield>
  </datafield>
  <datafield tag="042" ind1=" " ind2=" ">
    <subfield code="a">pcc</subfield>
  </datafield>
  <datafield tag="043" ind1=" " ind2=" ">
    <subfield code="a">e-ur---</subfield>
    <subfield code="a">e-uk---</subfield>
  </datafield>
  <datafield tag="066" ind1=" " ind2=" ">
    <subfield code="a">(N</subfield>
  </datafield>
  <datafield tag="097" ind1="0" ind2="0">
    <subfield code="a">DK266.45</subfield>
    <subfield code="b">.S47 2019</subfield>
    <subfield code="a">DK265.42.G7</subfield>
  </datafield>
  <datafield tag="097" ind1="0" ind2="0">
    <subfield code="a">DA47.65</subfield>
    <subfield code="b">.S47 2019</subfield>
  </datafield>
  <datafield tag="100" ind1="1" ind2=" ">
    <subfield code="a">Sergeev, E. I︠U︡.</subfield>
    <subfield code="q">(Evgeniĭ I︠U︡rʹevich),</subfield>
    <subfield code="d">1959-</subfield>
    <subfield code="e">author.</subfield>
  </datafield>
  <datafield tag="245" ind1="1" ind2="0">
    <subfield code="6">880-01</subfield>
    <subfield code="a">Bolʹsheviki i anglichane :</subfield>
    <subfield code="b">sovetsko-britanskie otnoshenii︠a︡, 1918-1924 gg. : ot intervent︠s︡ii k priznanii︠u︡ /</subfield>
    <subfield code="c">E.I︠U︡. Sergeev.</subfield>
  </datafield>
  <datafield tag="880" ind1="1" ind2="0">
    <subfield code="6">245-01</subfield>
    <subfield code="a">Большевики и англичане :</subfield>
    <subfield code="b">советско-британские отношения, 1918-1924 гг. : от интервенции к признанию /</subfield>
    <subfield code="c">Е.Ю. Сергеев.</subfield>
  </datafield>
  <datafield tag="246" ind1="3" ind2="0">
    <subfield code="6">880-02</subfield>
    <subfield code="a">Sovetsko-britanskie otnoshenii︠a︡, 1918-1924 gg. :</subfield>
    <subfield code="b">ot intervent︠s︡ii k priznanii︠u︡</subfield>
  </datafield>
  <datafield tag="880" ind1="3" ind2="0">
    <subfield code="6">246-02</subfield>
    <subfield code="a">Советско-британские отношения, 1918-1924 гг. :</subfield>
    <subfield code="b">от интервенции к признанию</subfield>
  </datafield>
  <datafield tag="264" ind1=" " ind2="1">
    <subfield code="6">880-03</subfield>
    <subfield code="a">Sankt-Peterburg :</subfield>
    <subfield code="b">&quot;Nauka&quot;,</subfield>
    <subfield code="c">2019.</subfield>
  </datafield>
  <datafield tag="880" ind1=" " ind2="1">
    <subfield code="6">264-03</subfield>
    <subfield code="a">Санкт-Петербург :</subfield>
    <subfield code="b">&quot;Наука&quot;,</subfield>
    <subfield code="c">2019.</subfield>
  </datafield>
  <datafield tag="300" ind1=" " ind2=" ">
    <subfield code="a">830 pages, 22 unnumbered pages of plates :</subfield>
    <subfield code="b">illustrations, maps, portraits ;</subfield>
    <subfield code="c">22 cm.</subfield>
  </datafield>
  <datafield tag="336" ind1=" " ind2=" ">
    <subfield code="a">text</subfield>
    <subfield code="b">txt</subfield>
    <subfield code="2">rdacontent</subfield>
  </datafield>
  <datafield tag="337" ind1=" " ind2=" ">
    <subfield code="a">unmediated</subfield>
    <subfield code="b">n</subfield>
    <subfield code="2">rdamedia</subfield>
  </datafield>
  <datafield tag="338" ind1=" " ind2=" ">
    <subfield code="a">volume</subfield>
    <subfield code="b">nc</subfield>
    <subfield code="2">rdacarrier</subfield>
  </datafield>
  <datafield tag="490" ind1="1" ind2=" ">
    <subfield code="6">880-04</subfield>
    <subfield code="a">Biblioteka vsemirnoĭ istorii</subfield>
  </datafield>
  <datafield tag="880" ind1="1" ind2=" ">
    <subfield code="6">490-04</subfield>
    <subfield code="a">Библиотека всемирной истории</subfield>
  </datafield>
  <datafield tag="504" ind1=" " ind2=" ">
    <subfield code="a">Includes bibliographical references (pages 536-592) and index.</subfield>
  </datafield>
  <datafield tag="651" ind1=" " ind2="0">
    <subfield code="a">Soviet Union</subfield>
    <subfield code="x">Foreign relations</subfield>
    <subfield code="z">Great Britain.</subfield>
  </datafield>
  <datafield tag="651" ind1=" " ind2="0">
    <subfield code="a">Great Britain</subfield>
    <subfield code="x">Foreign relations</subfield>
    <subfield code="z">Soviet Union.</subfield>
  </datafield>
  <datafield tag="651" ind1=" " ind2="0">
    <subfield code="a">Soviet Union</subfield>
    <subfield code="x">Foreign relations</subfield>
    <subfield code="y">1917-1945.</subfield>
  </datafield>
  <datafield tag="651" ind1=" " ind2="0">
    <subfield code="a">Soviet Union</subfield>
    <subfield code="x">History</subfield>
    <subfield code="y">Allied intervention, 1918-1920.</subfield>
  </datafield>
  <datafield tag="710" ind1="2" ind2=" ">
    <subfield code="a">Izdatelʹstvo &quot;Nauka&quot;,</subfield>
    <subfield code="e">publisher.</subfield>
  </datafield>
  <datafield tag="830" ind1=" " ind2="0">
    <subfield code="6">880-05</subfield>
    <subfield code="a">Biblioteka vsemirnoĭ istorii.</subfield>
  </datafield>
  <datafield tag="880" ind1=" " ind2="0">
    <subfield code="6">830-05</subfield>
    <subfield code="a">Библиотека всемирной истории.</subfield>
  </datafield>
  <datafield tag="923" ind1=" " ind2=" ">
    <subfield code="a">exchange</subfield>
    <subfield code="s">Rus State Lib (RGB) 93000622</subfield>
  </datafield>
</record>