
<record>
  <leader>01930cam a22003258i 4500</leader>
  <controlfield tag="001">21346626</controlfield>
  <controlfield tag="005">20200102163657.0</controlfield>
  <controlfield tag="008">191227s2020    mnu      b    001 0 eng  </controlfield>
  <datafield tag="906" ind1=" " ind2=" ">
    <subfield code="a">7</subfield>
    <subfield code="b">cbc</subfield>
    <subfield code="c">orignew</subfield>
    <subfield code="d">1</subfield>
    <subfield code="e">ecip</subfield>
    <subfield code="f">20</subfield>
    <subfield code="g">y-gencatlg</subfield>
  </datafield>
  <datafield tag="925" ind1="0" ind2=" ">
    <subfield code="a">acquire</subfield>
    <subfield code="b">2 shelf copy</subfield>
    <subfield code="x">policy default</subfield>
  </datafield>
  <datafield tag="955" ind1=" " ind2=" ">
    <subfield code="b">rf11 2019-12-27</subfield>
    <subfield code="i">rf11 2019-12-27 to SL</subfield>
    <subfield code="e">rf07 2019-12-31 (telework) to Dewey</subfield>
    <subfield code="w">xm09 2020-1-2</subfield>
  </datafield>
  <datafield tag="010" ind1=" " ind2=" ">
    <subfield code="a">  2019057545</subfield>
  </datafield>
  <datafield tag="020" ind1=" " ind2=" ">
    <subfield code="a">9781681341590</subfield>
    <subfield code="q">(paperback)</subfield>
  </datafield>
  <datafield tag="020" ind1=" " ind2=" ">
    <subfield code="z">9781681341606</subfield>
    <subfield code="q">(ebook)</subfield>
  </datafield>
  <datafield tag="040" ind1=" " ind2=" ">
    <subfield code="a">DLC</subfield>
    <subfield code="b">eng</subfield>
    <subfield code="e">rda</subfield>
    <subfield code="c">DLC</subfield>
  </datafield>
  <datafield tag="042" ind1=" " ind2=" ">
    <subfield code="a">pcc</subfield>
  </datafield>
  <datafield tag="043" ind1=" " ind2=" ">
    <subfield code="a">n-us-mn</subfield>
  </datafield>
  <datafield tag="050" ind1="0" ind2="0">
    <subfield code="a">F614.D8</subfield>
    <subfield code="b">D535 2020</subfield>
  </datafield>
  <datafield tag="082" ind1="0" ind2="0">
    <subfield code="a">977.6/771</subfield>
    <subfield code="2">23</subfield>
  </datafield>
  <datafield tag="100" ind1="1" ind2=" ">
    <subfield code="a">Dierckins, Tony,</subfield>
    <subfield code="e">author.</subfield>
  </datafield>
  <datafield tag="245" ind1="1" ind2="0">
    <subfield code="a">Duluth :</subfield>
    <subfield code="b">an urban biography /</subfield>
    <subfield code="c">Tony Dierckins.</subfield>
  </datafield>
  <datafield tag="263" ind1=" " ind2=" ">
    <subfield code="a">2004</subfield>
  </datafield>
  <datafield tag="264" ind1=" " ind2="1">
    <subfield code="a">Saint Paul :</subfield>
    <subfield code="b">Minnesota Historical Society Press,</subfield>
    <subfield code="c">2020.</subfield>
  </datafield>
  <datafield tag="300" ind1=" " ind2=" ">
    <subfield code="a">pages cm</subfield>
  </datafield>
  <datafield tag="336" ind1=" " ind2=" ">
    <subfield code="a">text</subfield>
    <subfield code="b">txt</subfield>
    <subfield code="2">rdacontent</subfield>
  </datafield>
  <datafield tag="337" ind1=" " ind2=" ">
    <subfield code="a">unmediated</subfield>
    <subfield code="b">n</subfield>
    <subfield code="2">rdamedia</subfield>
  </datafield>
  <datafield tag="338" ind1=" " ind2=" ">
    <subfield code="a">volume</subfield>
    <subfield code="b">nc</subfield>
    <subfield code="2">rdacarrier</subfield>
  </datafield>
  <datafield tag="504" ind1=" " ind2=" ">
    <subfield code="a">Includes bibliographical references and index.</subfield>
  </datafield>
  <datafield tag="520" ind1=" " ind2=" ">
    <subfield code="a">&quot;In this richly textured urban biography, author Tony Dierckins highlights fascinating stories of the city of Duluth, Minnesota: Its significance as the Ojibwe&apos;s sixth stopping place. The failed copper rush along Lake Superior&apos;s North Shore that started the city&apos;s growth. The natural port on the St. Louis River that made shipping its first and most important business. The legend of the digging of the ship canal. The unique aerial transfer bridge and its successor, the lift bridge. The city&apos;s remarkable park system. The 1920 lynching of three African American circus workers. The Glensheen murders. The evolution of the city&apos;s east-west divide. Throughout the years, the big lake and river have sustained Duluth&apos;s economy, shaped its residents&apos; recreation, and attracted the tourists who marvel at the city&apos;s beauty and cultural life&quot;--</subfield>
    <subfield code="c">Provided by publisher.</subfield>
  </datafield>
  <datafield tag="651" ind1=" " ind2="0">
    <subfield code="a">Duluth (Minn.)</subfield>
    <subfield code="x">History.</subfield>
  </datafield>
</record>