
<record>
  <leader>03174cam a22003978i 4500</leader>
  <controlfield tag="001">21346645</controlfield>
  <controlfield tag="005">20200102084709.0</controlfield>
  <controlfield tag="008">191218s2020    hiu           000 0 eng  </controlfield>
  <datafield tag="906" ind1=" " ind2=" ">
    <subfield code="a">7</subfield>
    <subfield code="b">cbc</subfield>
    <subfield code="c">orignew</subfield>
    <subfield code="d">1</subfield>
    <subfield code="e">ecip</subfield>
    <subfield code="f">20</subfield>
    <subfield code="g">y-gencatlg</subfield>
  </datafield>
  <datafield tag="925" ind1="0" ind2=" ">
    <subfield code="a">acquire</subfield>
    <subfield code="b">1 shelf copy</subfield>
    <subfield code="x">policy default</subfield>
  </datafield>
  <datafield tag="955" ind1=" " ind2=" ">
    <subfield code="b">HU 2019-12-18</subfield>
    <subfield code="e">xk06 2019-12-31 to Dewey</subfield>
    <subfield code="w">xm04 2020-01-03</subfield>
  </datafield>
  <datafield tag="010" ind1=" " ind2=" ">
    <subfield code="a">  2019058802</subfield>
  </datafield>
  <datafield tag="020" ind1=" " ind2=" ">
    <subfield code="a">9780824886776</subfield>
    <subfield code="q">(v. 1 ;</subfield>
    <subfield code="q">paperback)</subfield>
  </datafield>
  <datafield tag="020" ind1=" " ind2=" ">
    <subfield code="a">9780824886837</subfield>
    <subfield code="q">(v. 2 ;</subfield>
    <subfield code="q">paperback)</subfield>
  </datafield>
  <datafield tag="040" ind1=" " ind2=" ">
    <subfield code="a">HU/DLC</subfield>
    <subfield code="b">eng</subfield>
    <subfield code="e">rda</subfield>
    <subfield code="c">DLC</subfield>
  </datafield>
  <datafield tag="042" ind1=" " ind2=" ">
    <subfield code="a">pcc</subfield>
  </datafield>
  <datafield tag="050" ind1="0" ind2="0">
    <subfield code="a">PL913</subfield>
    <subfield code="b">.C4843 2020</subfield>
  </datafield>
  <datafield tag="082" ind1="0" ind2="0">
    <subfield code="a">495.782/421</subfield>
    <subfield code="2">23</subfield>
  </datafield>
  <datafield tag="100" ind1="1" ind2=" ">
    <subfield code="a">Cho, Young-mee Yu,</subfield>
    <subfield code="e">author.</subfield>
  </datafield>
  <datafield tag="245" ind1="1" ind2="0">
    <subfield code="a">Integrated Korean.</subfield>
    <subfield code="p">Intermediate /</subfield>
    <subfield code="c">Young-mee Cho, Hyo Sang Lee, Carol Schulz, Ho-min Sohn, Sung-Ock Sohn.</subfield>
  </datafield>
  <datafield tag="250" ind1=" " ind2=" ">
    <subfield code="a">Third edition.</subfield>
  </datafield>
  <datafield tag="263" ind1=" " ind2=" ">
    <subfield code="a">2006</subfield>
  </datafield>
  <datafield tag="264" ind1=" " ind2="1">
    <subfield code="a">Honolulu :</subfield>
    <subfield code="b">University of Hawaiʻi Press,</subfield>
    <subfield code="c">2020.</subfield>
  </datafield>
  <datafield tag="300" ind1=" " ind2=" ">
    <subfield code="a">volumes cm</subfield>
  </datafield>
  <datafield tag="336" ind1=" " ind2=" ">
    <subfield code="a">text</subfield>
    <subfield code="b">txt</subfield>
    <subfield code="2">rdacontent</subfield>
  </datafield>
  <datafield tag="337" ind1=" " ind2=" ">
    <subfield code="a">unmediated</subfield>
    <subfield code="b">n</subfield>
    <subfield code="2">rdamedia</subfield>
  </datafield>
  <datafield tag="338" ind1=" " ind2=" ">
    <subfield code="a">volume</subfield>
    <subfield code="b">nc</subfield>
    <subfield code="2">rdacarrier</subfield>
  </datafield>
  <datafield tag="490" ind1="1" ind2=" ">
    <subfield code="a">KLEAR textbooks in Korean language</subfield>
  </datafield>
  <datafield tag="520" ind1=" " ind2=" ">
    <subfield code="a">&quot;This is a thoroughly revised edition of Integrated Korean: Intermediate 1, the third volume of the best-selling series developed collaboratively by leading classroom teachers and linguists of Korean. All the series&apos; volumes have been developed in accordance with performance-based principles and methodology-contextualization, learner-centeredness, use of authentic materials, usage-orientedness, balance between skill getting and skill using, and integration of speaking, listening, reading, writing, and culture. Grammar points are systematically introduced in simple but adequate explanations and abundant examples and exercises. Each situation/topic-based lesson of the main texts consists of model dialogues, narration, new words and expressions, vocabulary notes, culture, grammar, usage, and English translation of dialogues. In response to comments from hundreds of students and instructors of the second edition, this new third edition features an attractive color design with new photos and drawings and lesson and vocabulary exercises that have been fully reorganized. Each lesson contains a conversational text (with its own vocabulary list) and a reading passage. The accompanying workbook provides students with extensive skill-using activities based on the skills learned in the main text. Integrated Korean is a project of the Korean Language Education and Research Center (KLEAR) with the support of the Korean Foundation. In addition to the five-level Integrated Korean textbooks and workbooks, volumes include Korean Composition, Korean Language in Culture and Society, Korean Reader for Chinese Characters, Readings in Modern Korean Literature, A Resource for Korean Grammar Instruction, and Selected Readings in Korean&quot;--</subfield>
    <subfield code="c">Provided by publisher.</subfield>
  </datafield>
  <datafield tag="650" ind1=" " ind2="0">
    <subfield code="a">Korean language</subfield>
    <subfield code="v">Textbooks for foreign speakers</subfield>
    <subfield code="x">English.</subfield>
  </datafield>
  <datafield tag="700" ind1="1" ind2=" ">
    <subfield code="a">Lee, Hyo Sang,</subfield>
    <subfield code="e">author.</subfield>
  </datafield>
  <datafield tag="700" ind1="1" ind2=" ">
    <subfield code="a">Schulz, Carol</subfield>
    <subfield code="q">(Carol H.),</subfield>
    <subfield code="e">author.</subfield>
  </datafield>
  <datafield tag="700" ind1="1" ind2=" ">
    <subfield code="a">Sohn, Ho-min,</subfield>
    <subfield code="e">author.</subfield>
  </datafield>
  <datafield tag="700" ind1="1" ind2=" ">
    <subfield code="a">Sohn, Sung-Ock S.,</subfield>
    <subfield code="d">1957-</subfield>
    <subfield code="e">author.</subfield>
  </datafield>
  <datafield tag="830" ind1=" " ind2="0">
    <subfield code="a">KLEAR textbooks in Korean language.</subfield>
  </datafield>
  <datafield tag="985" ind1=" " ind2=" ">
    <subfield code="a">HUCIP</subfield>
    <subfield code="d">2019-12-18</subfield>
  </datafield>
</record>