
<record>
  <leader>03481cam a22004338i 4500</leader>
  <controlfield tag="001">21346839</controlfield>
  <controlfield tag="005">20200102083932.0</controlfield>
  <controlfield tag="008">191228s2020    gw       b    001 0 eng  </controlfield>
  <datafield tag="906" ind1=" " ind2=" ">
    <subfield code="a">7</subfield>
    <subfield code="b">cbc</subfield>
    <subfield code="c">orignew</subfield>
    <subfield code="d">1</subfield>
    <subfield code="e">ecip</subfield>
    <subfield code="f">20</subfield>
    <subfield code="g">y-gencatlg</subfield>
  </datafield>
  <datafield tag="925" ind1="0" ind2=" ">
    <subfield code="a">acquire</subfield>
    <subfield code="b">1 shelf copy</subfield>
    <subfield code="x">policy default</subfield>
  </datafield>
  <datafield tag="955" ind1=" " ind2=" ">
    <subfield code="b">LBSOR 2019-12-28</subfield>
    <subfield code="e">xk34 2020-01-02 to Dewey</subfield>
    <subfield code="w">xm04 2020-01-03</subfield>
  </datafield>
  <datafield tag="010" ind1=" " ind2=" ">
    <subfield code="a">  2019055006</subfield>
  </datafield>
  <datafield tag="020" ind1=" " ind2=" ">
    <subfield code="a">9783631801505</subfield>
    <subfield code="q">(hardcover)</subfield>
  </datafield>
  <datafield tag="020" ind1=" " ind2=" ">
    <subfield code="z">9783631810750</subfield>
    <subfield code="q">(E-PDF)</subfield>
  </datafield>
  <datafield tag="020" ind1=" " ind2=" ">
    <subfield code="z">9783631810767</subfield>
    <subfield code="q">(epub)</subfield>
  </datafield>
  <datafield tag="020" ind1=" " ind2=" ">
    <subfield code="z">9783631810774</subfield>
    <subfield code="q">(mobi)</subfield>
  </datafield>
  <datafield tag="040" ind1=" " ind2=" ">
    <subfield code="a">LBSOR/DLC</subfield>
    <subfield code="b">eng</subfield>
    <subfield code="e">rda</subfield>
    <subfield code="c">DLC</subfield>
  </datafield>
  <datafield tag="041" ind1="1" ind2=" ">
    <subfield code="a">eng</subfield>
    <subfield code="h">pol</subfield>
  </datafield>
  <datafield tag="042" ind1=" " ind2=" ">
    <subfield code="a">pcc</subfield>
  </datafield>
  <datafield tag="043" ind1=" " ind2=" ">
    <subfield code="a">e-pl---</subfield>
  </datafield>
  <datafield tag="050" ind1="0" ind2="0">
    <subfield code="a">PG7053.R6</subfield>
    <subfield code="b">L58 2020</subfield>
  </datafield>
  <datafield tag="082" ind1="0" ind2="0">
    <subfield code="a">891.8/509006</subfield>
    <subfield code="2">23</subfield>
  </datafield>
  <datafield tag="245" ind1="0" ind2="4">
    <subfield code="a">The literature of Polish Romanticism in its European contexts /</subfield>
    <subfield code="c">Krzysztof Trybuś (ed.).</subfield>
  </datafield>
  <datafield tag="263" ind1=" " ind2=" ">
    <subfield code="a">2002</subfield>
  </datafield>
  <datafield tag="264" ind1=" " ind2="1">
    <subfield code="a">Berlin ;</subfield>
    <subfield code="a">New York :</subfield>
    <subfield code="b">Peter Lang,</subfield>
    <subfield code="c">[2020]</subfield>
  </datafield>
  <datafield tag="300" ind1=" " ind2=" ">
    <subfield code="a">pages cm.</subfield>
  </datafield>
  <datafield tag="336" ind1=" " ind2=" ">
    <subfield code="a">text</subfield>
    <subfield code="b">txt</subfield>
    <subfield code="2">rdacontent</subfield>
  </datafield>
  <datafield tag="337" ind1=" " ind2=" ">
    <subfield code="a">unmediated</subfield>
    <subfield code="b">n</subfield>
    <subfield code="2">rdamedia</subfield>
  </datafield>
  <datafield tag="338" ind1=" " ind2=" ">
    <subfield code="a">volume</subfield>
    <subfield code="b">nc</subfield>
    <subfield code="2">rdacarrier</subfield>
  </datafield>
  <datafield tag="490" ind1="0" ind2=" ">
    <subfield code="a">Cross-roads : studies in culture, literary theory, and history,</subfield>
    <subfield code="x">2191-6179 ;</subfield>
    <subfield code="v">volume 22</subfield>
  </datafield>
  <datafield tag="504" ind1=" " ind2=" ">
    <subfield code="a">Includes bibliographical references and index.</subfield>
  </datafield>
  <datafield tag="505" ind1="0" ind2=" ">
    <subfield code="a">Music in Romantic literature and criticism : approximations / Elżbieta Nowicka -- Shakespeare of the Polish Romantics / Alina Borkowska-Rychlewska -- Irony as a &apos;centrifugal force of disincarnations&apos; in Polish Romanticism / Wojciech Hamerski -- Memory instead of history : Mickiewicz, Słowacki, Norwid / Krzysztof Trybuś -- The views of Mickiewicz and Krasiński on Russia / Jerzy Fiećko -- Princess Trubecka in a Siberian hell : a dialogue between three European poets (with the participation of Dante) / Zbigniew Przychodniak -- A duet to democracy : Cyprian Norwid - Alexis de Tocqueville / Elżbieta Lijewska -- Beauty and truth in Cyprian Norwid&apos;s Italian novellas / Mirella Kryś -- Italian Renaissance art in Teofil Lenartowicz&apos;s literary and visual creative output : a case study / Arkadiusz Krawczyk -- India and the history of Slavdom in Mickiewicz&apos;s Paris lectures / Dagmara Nowakowska -- Miłosz&apos;s Mickiewicz as a mystical poet / Lidia Banowska.</subfield>
  </datafield>
  <datafield tag="520" ind1=" " ind2=" ">
    <subfield code="a">&quot;The book contains essays on the heterogeneity of Polish Romantic literature and its links with Europe&apos;s cultural heritage. The essays deal with, among other topics, the idea of beauty and truth, correspondences between the arts, the role of tradition and memory in the Romantic era, and the significance of mysticism and irony. The authors of the essays write about such seemingly distant issues as music and revolution in Chopin&apos;s times, and travel to places as disparate as Siberia and Italy. Their thematically diverse reflections are linked by questions they pose about the romantic roots of today&apos;s Europe. The works of Mickiewicz and other Romantic poets discussed in this book thus clearly do not concern merely the past, but also speak to the present day, describing the experiences of everyday life in its various dimensions&quot;--</subfield>
    <subfield code="c">Provided by publisher.</subfield>
  </datafield>
  <datafield tag="546" ind1=" " ind2=" ">
    <subfield code="a">Essays translated from Polish into English by various translators.</subfield>
  </datafield>
  <datafield tag="650" ind1=" " ind2="0">
    <subfield code="a">Romanticism</subfield>
    <subfield code="z">Poland.</subfield>
  </datafield>
  <datafield tag="650" ind1=" " ind2="0">
    <subfield code="a">Polish literature</subfield>
    <subfield code="y">19th century</subfield>
    <subfield code="x">History and criticism.</subfield>
  </datafield>
  <datafield tag="700" ind1="1" ind2=" ">
    <subfield code="a">Trybuś, Krzysztof,</subfield>
    <subfield code="e">editor.</subfield>
  </datafield>
  <datafield tag="776" ind1="0" ind2="8">
    <subfield code="i">Online version:</subfield>
    <subfield code="t">Literature of Polish Romanticism in its European contexts.</subfield>
    <subfield code="d">Berlin ; New York : Peter Lang, [2020]</subfield>
    <subfield code="z">9783631810750</subfield>
    <subfield code="w">(DLC)  2019055007</subfield>
  </datafield>
  <datafield tag="985" ind1=" " ind2=" ">
    <subfield code="a">LBSORCIP</subfield>
    <subfield code="d">2019-12-28</subfield>
  </datafield>
</record>