
<record>
  <leader>05781cam a22004338i 4500</leader>
  <controlfield tag="001">21346846</controlfield>
  <controlfield tag="005">20200102175849.0</controlfield>
  <controlfield tag="008">191220s2020    enk      b    001 0 eng  </controlfield>
  <datafield tag="906" ind1=" " ind2=" ">
    <subfield code="a">7</subfield>
    <subfield code="b">cbc</subfield>
    <subfield code="c">orignew</subfield>
    <subfield code="d">1</subfield>
    <subfield code="e">ecip</subfield>
    <subfield code="f">20</subfield>
    <subfield code="g">y-gencatlg</subfield>
  </datafield>
  <datafield tag="925" ind1="0" ind2=" ">
    <subfield code="a">acquire</subfield>
    <subfield code="b">1 shelf copy</subfield>
    <subfield code="x">policy default</subfield>
  </datafield>
  <datafield tag="955" ind1=" " ind2=" ">
    <subfield code="b">LBSOR 2019-12-20</subfield>
    <subfield code="e">rk21 2020-01-02 to Dewey (telework)</subfield>
    <subfield code="w">xm09 2020-1-2</subfield>
  </datafield>
  <datafield tag="010" ind1=" " ind2=" ">
    <subfield code="a">  2019048807</subfield>
  </datafield>
  <datafield tag="020" ind1=" " ind2=" ">
    <subfield code="a">9781788747325</subfield>
    <subfield code="q">(paperback)</subfield>
  </datafield>
  <datafield tag="020" ind1=" " ind2=" ">
    <subfield code="z">9781788749398</subfield>
    <subfield code="q">(ebook)</subfield>
  </datafield>
  <datafield tag="020" ind1=" " ind2=" ">
    <subfield code="z">9781788749404</subfield>
    <subfield code="q">(epub)</subfield>
  </datafield>
  <datafield tag="020" ind1=" " ind2=" ">
    <subfield code="z">9781788749411</subfield>
    <subfield code="q">(mobi)</subfield>
  </datafield>
  <datafield tag="040" ind1=" " ind2=" ">
    <subfield code="a">LBSOR/DLC</subfield>
    <subfield code="b">eng</subfield>
    <subfield code="e">rda</subfield>
    <subfield code="c">DLC</subfield>
  </datafield>
  <datafield tag="042" ind1=" " ind2=" ">
    <subfield code="a">pcc</subfield>
  </datafield>
  <datafield tag="050" ind1="0" ind2="0">
    <subfield code="a">NA9325</subfield>
    <subfield code="b">.O63 2020</subfield>
  </datafield>
  <datafield tag="082" ind1="0" ind2="0">
    <subfield code="a">725/.94</subfield>
    <subfield code="2">23</subfield>
  </datafield>
  <datafield tag="245" ind1="0" ind2="0">
    <subfield code="a">On commemoration :</subfield>
    <subfield code="b">global reflections upon remembering war /</subfield>
    <subfield code="c">edited by Catherine Gilbert, Kate McLoughlin and Niall Munro.</subfield>
  </datafield>
  <datafield tag="263" ind1=" " ind2=" ">
    <subfield code="a">2004</subfield>
  </datafield>
  <datafield tag="264" ind1=" " ind2="1">
    <subfield code="a">Oxford ;</subfield>
    <subfield code="a">New York :</subfield>
    <subfield code="b">Peter Lang,</subfield>
    <subfield code="c">[2020]</subfield>
  </datafield>
  <datafield tag="300" ind1=" " ind2=" ">
    <subfield code="a">pages cm</subfield>
  </datafield>
  <datafield tag="336" ind1=" " ind2=" ">
    <subfield code="a">text</subfield>
    <subfield code="b">txt</subfield>
    <subfield code="2">rdacontent</subfield>
  </datafield>
  <datafield tag="337" ind1=" " ind2=" ">
    <subfield code="a">unmediated</subfield>
    <subfield code="b">n</subfield>
    <subfield code="2">rdamedia</subfield>
  </datafield>
  <datafield tag="338" ind1=" " ind2=" ">
    <subfield code="a">volume</subfield>
    <subfield code="b">nc</subfield>
    <subfield code="2">rdacarrier</subfield>
  </datafield>
  <datafield tag="504" ind1=" " ind2=" ">
    <subfield code="a">Includes bibliographical references and index.</subfield>
  </datafield>
  <datafield tag="505" ind1="0" ind2=" ">
    <subfield code="a">Foreword / John, Lord Alderdice -- Introduction: The call to remembrance / Catherine Gilbert, Kate McLoughlin &amp; Niall Munro -- Introduction: Words fail us / Catherine Gilbert -- Now as then / Jenny Lewis -- Memoir and memory / Aminatta Forna with Elleke Boehmer -- The act of looking back / Philippe Sands -- Daring to remember / Rachel Seiffert -- Reflections on international justice as a commemorative process / Shea Esterling, Michael John-Hopkins and Christopher Harding -- Bearing witness, becoming human : cultural memory, &apos;post-truth&apos; and the digital / Daniel O&apos;Gorman -- Encountering commemoration / Jane Potter with Kate McLoughlin -- My history, our history / Robert Eaglestone -- Sacred memory/prosaic history : Rivesaltes Memorial Camp / Lyndsey Stonebridge -- Commemoration, collective loss and social cohesion / Harvey Whitehouse -- Open wounds : commemorating the Colombian conflict / Cherilyn Elston -- What is it all about? / Frank Ledwidge -- Lacrimae Rerum : from the literary to the monumental / Alex Donnelly -- Uruk&apos;s anthem (extracts) / Adnan al-Sayegh -- Introduction: More than stone--finding ourselves in our monuments / Niall Munro -- Articulating history : architecture and memory / Daniel Libeskind -- From brokenness to reconciliation / the Very Reverend John Witcombe -- Reconciliation and a responsibility to the past / Pfarrerin Cornelia Kulawik with Kate McLoughlin -- Memorials that lurk and pounce / Gabriel Moshenska -- Four poems / Sue Zatland -- Community through creativity : empowering veteran artists / Mark Johnston with Alex Donnelly -- The paradoxes of commemoration / Emma Login -- Commemoration and the limits of empathy / Silke Arnold-de Simine with Catherine Gilbert -- Four poems / Mariah Whelan -- The Knowledge / Jeremy Treglown -- A concretization of meaning : making memorials / Charles Gurrey with Niall Munro -- When is the focus on memory just too much? The challenges of commemoration and cultural memory / Marita Sturken with Niall Munro -- Memoration / Susie Campbell -- The scent of commemoration / Justine Shaw -- Stones do not forget : forgetting and being forgotten in Czech Silesia / Johana Wyss -- Lose the dudes, keep the horses : on Civil War monuments in the United States / Tony Horwitz -- Introduction: Music, voices, absence, silence / Kate McLoughlin -- Mourning and music / Juliana M. Pistorius -- Music and memory / Jonathan Dove with Kate Kennedy -- Classical to dub-reggae : the First World War and musical memory / Peter Grant -- Bag of bones / Dunya Mikhail -- Interviewing as a commemorative practice / Rita Phillips -- Hearing the dead / Annabel Williams -- Listening to the past, sound / Paul Whitty -- Hush / Susie Campbell -- Returning from Europe, reflections on post-war commemoration / John Dunstan -- From &apos;Daniel&apos; / Patrick Toland -- Remembering the Lebanese Civil War / Lydia Wilson -- Monumental silences / Noreen Masud -- Re-valuing silence / Férdia J. Stone-Davis -- The costliness of commemoration / Maggie Ross -- Traces / Susie Campbell.</subfield>
  </datafield>
  <datafield tag="520" ind1=" " ind2=" ">
    <subfield code="a">&quot;War has been commemorated since ancient times. The recent First World War centenaries are proof that remembering conflict continues to produce strong feelings among people of all walks of life. But how, in the twenty-first century, can we do commemoration better? In particular, how can commemoration contribute to post-war reconciliation and reconstruction? In this book, a global roster of distinguished individuals - poets, an international human rights advocate, musicians, policy-makers, novelists, academics, a sculptor, a world-renowned architect, members of different faiths, composers, a Pulitzer prize-winning journalist and military veterans - debate these questions and ponder the future of commemoration. The book focuses on three modes of commemoration: Textual Commemoration - commemoration in writing and images; Monumental Commemoration - monuments, architecture, museums, sculptures, battlefields and sites of mourning; Aural Commemoration - music, sound and silence. Polemics and reflections together with poetry and creative prose movingly illuminate a subject that is sensitive and sobering but which also speaks to our common humanity&quot;--</subfield>
    <subfield code="c">Provided by publisher.</subfield>
  </datafield>
  <datafield tag="650" ind1=" " ind2="0">
    <subfield code="a">War memorials</subfield>
    <subfield code="x">Social aspects.</subfield>
  </datafield>
  <datafield tag="650" ind1=" " ind2="0">
    <subfield code="a">Memorialization.</subfield>
  </datafield>
  <datafield tag="650" ind1=" " ind2="0">
    <subfield code="a">Collective memory.</subfield>
  </datafield>
  <datafield tag="650" ind1=" " ind2="0">
    <subfield code="a">War and society.</subfield>
  </datafield>
  <datafield tag="700" ind1="1" ind2=" ">
    <subfield code="a">Gilbert, Catherine,</subfield>
    <subfield code="d">1982-</subfield>
    <subfield code="e">editor.</subfield>
  </datafield>
  <datafield tag="700" ind1="1" ind2=" ">
    <subfield code="a">McLoughlin, Catherine Mary,</subfield>
    <subfield code="d">1970-</subfield>
    <subfield code="e">editor.</subfield>
  </datafield>
  <datafield tag="700" ind1="1" ind2=" ">
    <subfield code="a">Munro, Niall,</subfield>
    <subfield code="d">1979-</subfield>
    <subfield code="e">editor.</subfield>
  </datafield>
  <datafield tag="776" ind1="0" ind2="8">
    <subfield code="i">Online version:</subfield>
    <subfield code="t">On commemoration.</subfield>
    <subfield code="d">Oxford; New York : Peter Lang, [2020]</subfield>
    <subfield code="z">9781788749398</subfield>
    <subfield code="w">(DLC)  2019048808</subfield>
  </datafield>
  <datafield tag="985" ind1=" " ind2=" ">
    <subfield code="a">LBSORCIP</subfield>
    <subfield code="d">2019-12-20</subfield>
  </datafield>
</record>