
<record>
  <leader>02049cas a2200469 i 4500</leader>
  <controlfield tag="001">21347078</controlfield>
  <controlfield tag="005">20200102075644.0</controlfield>
  <controlfield tag="008">780301d19781983nyuar    c    0   a0eng  </controlfield>
  <datafield tag="010" ind1=" " ind2=" ">
    <subfield code="a">  2019210769</subfield>
    <subfield code="z">sc 82001226 </subfield>
    <subfield code="z">sn 82020936 </subfield>
  </datafield>
  <datafield tag="022" ind1="0" ind2=" ">
    <subfield code="a">0733-2718</subfield>
    <subfield code="l">0733-2718</subfield>
    <subfield code="2">1</subfield>
  </datafield>
  <datafield tag="035" ind1=" " ind2=" ">
    <subfield code="a">(OCoLC)ocm03679592 </subfield>
  </datafield>
  <datafield tag="037" ind1=" " ind2=" ">
    <subfield code="b">1221 Avenue of the Americas, N.Y. 10020</subfield>
  </datafield>
  <datafield tag="040" ind1=" " ind2=" ">
    <subfield code="a">NRC</subfield>
    <subfield code="b">eng</subfield>
    <subfield code="c">NRC</subfield>
    <subfield code="d">IUL</subfield>
    <subfield code="d">CLU</subfield>
    <subfield code="d">NST</subfield>
    <subfield code="d">IXA</subfield>
    <subfield code="d">NST</subfield>
    <subfield code="d">DLC</subfield>
    <subfield code="d">NSD</subfield>
    <subfield code="d">NST</subfield>
    <subfield code="d">DLC</subfield>
    <subfield code="d">NSD</subfield>
    <subfield code="d">NST</subfield>
    <subfield code="d">OCL</subfield>
    <subfield code="d">NST</subfield>
    <subfield code="d">OCLCQ</subfield>
    <subfield code="d">DHU</subfield>
    <subfield code="d">OCLCQ</subfield>
    <subfield code="d">OCLCF</subfield>
    <subfield code="d">OCLCO</subfield>
    <subfield code="d">OCLCQ</subfield>
    <subfield code="e">rda</subfield>
    <subfield code="d">DLC</subfield>
  </datafield>
  <datafield tag="042" ind1=" " ind2=" ">
    <subfield code="a">pcc</subfield>
  </datafield>
  <datafield tag="050" ind1="0" ind2="0">
    <subfield code="a">TH455</subfield>
    <subfield code="b">.S7864</subfield>
  </datafield>
  <datafield tag="050" ind1=" " ind2="4">
    <subfield code="a">TH455</subfield>
    <subfield code="b">.S8</subfield>
  </datafield>
  <datafield tag="082" ind1="0" ind2=" ">
    <subfield code="a">690</subfield>
  </datafield>
  <datafield tag="222" ind1=" " ind2="0">
    <subfield code="a">Sweet&apos;s catalog file. Products for general building</subfield>
  </datafield>
  <datafield tag="245" ind1="0" ind2="0">
    <subfield code="a">Sweet&apos;s catalog file.</subfield>
    <subfield code="p">Products for general building.</subfield>
  </datafield>
  <datafield tag="246" ind1="3" ind2="0">
    <subfield code="a">Products for general building</subfield>
  </datafield>
  <datafield tag="246" ind1="1" ind2="3">
    <subfield code="a">Selection data</subfield>
  </datafield>
  <datafield tag="264" ind1=" " ind2="1">
    <subfield code="a">New York,</subfield>
    <subfield code="b">Sweet&apos;s Division, McGraw-Hill Information Systems Co.</subfield>
  </datafield>
  <datafield tag="300" ind1=" " ind2=" ">
    <subfield code="a">volumes</subfield>
    <subfield code="b">illustrations</subfield>
    <subfield code="c">29 cm</subfield>
  </datafield>
  <datafield tag="310" ind1=" " ind2=" ">
    <subfield code="a">Annual</subfield>
  </datafield>
  <datafield tag="336" ind1=" " ind2=" ">
    <subfield code="a">text</subfield>
    <subfield code="b">txt</subfield>
    <subfield code="2">rdacontent</subfield>
  </datafield>
  <datafield tag="337" ind1=" " ind2=" ">
    <subfield code="a">unmediated</subfield>
    <subfield code="b">n</subfield>
    <subfield code="2">rdamedia</subfield>
  </datafield>
  <datafield tag="338" ind1=" " ind2=" ">
    <subfield code="a">volume</subfield>
    <subfield code="b">nc</subfield>
    <subfield code="2">rdacarrier</subfield>
  </datafield>
  <datafield tag="362" ind1="1" ind2=" ">
    <subfield code="a">Began with 1978; ceased with 1983.</subfield>
  </datafield>
  <datafield tag="500" ind1=" " ind2=" ">
    <subfield code="a">1982 volume is first to include selection data.</subfield>
  </datafield>
  <datafield tag="515" ind1=" " ind2=" ">
    <subfield code="a">Volumes for 1978- published in 13 vols.</subfield>
  </datafield>
  <datafield tag="588" ind1=" " ind2=" ">
    <subfield code="a">Latest issue consulted: 1982.</subfield>
  </datafield>
  <datafield tag="650" ind1=" " ind2="0">
    <subfield code="a">Building materials</subfield>
    <subfield code="v">Catalogs.</subfield>
  </datafield>
  <datafield tag="650" ind1=" " ind2="0">
    <subfield code="a">Building fittings</subfield>
    <subfield code="v">Catalogs.</subfield>
  </datafield>
  <datafield tag="650" ind1=" " ind2="7">
    <subfield code="a">Building materials.</subfield>
    <subfield code="2">fast</subfield>
    <subfield code="0">(OCoLC)fst00840723</subfield>
  </datafield>
  <datafield tag="655" ind1=" " ind2="7">
    <subfield code="a">Catalogs.</subfield>
    <subfield code="2">fast</subfield>
    <subfield code="0">(OCoLC)fst01423692</subfield>
  </datafield>
  <datafield tag="710" ind1="2" ind2=" ">
    <subfield code="a">McGraw-Hill Information Systems Company.</subfield>
    <subfield code="b">Sweet&apos;s Division.</subfield>
  </datafield>
  <datafield tag="780" ind1="0" ind2="0">
    <subfield code="t">Sweet&apos;s catalog file. Architectural products for general building</subfield>
    <subfield code="x">0145-4897</subfield>
    <subfield code="w">(DLC)   77640309</subfield>
  </datafield>
  <datafield tag="785" ind1="0" ind2="0">
    <subfield code="t">Sweet&apos;s catalog file. Products for general building and renovation</subfield>
    <subfield code="x">0743-4049</subfield>
    <subfield code="w">(DLC)   84642241</subfield>
    <subfield code="w">(OCoLC)10501235</subfield>
  </datafield>
  <datafield tag="850" ind1=" " ind2=" ">
    <subfield code="a">AzU</subfield>
    <subfield code="a">CLU</subfield>
    <subfield code="a">CoU</subfield>
    <subfield code="a">DeU</subfield>
    <subfield code="a">DLC</subfield>
    <subfield code="a">FU</subfield>
    <subfield code="a">ICJ</subfield>
    <subfield code="a">MB</subfield>
    <subfield code="a">NN</subfield>
    <subfield code="a">NmU</subfield>
    <subfield code="a">OCl</subfield>
    <subfield code="a">OU</subfield>
    <subfield code="a">TU</subfield>
    <subfield code="a">TxArU</subfield>
    <subfield code="a">TxU</subfield>
    <subfield code="a">ViBlbV</subfield>
  </datafield>
  <datafield tag="906" ind1=" " ind2=" ">
    <subfield code="a">7</subfield>
    <subfield code="b">cbc</subfield>
    <subfield code="c">serasst</subfield>
    <subfield code="d">3</subfield>
    <subfield code="e">ncip</subfield>
    <subfield code="f">20</subfield>
    <subfield code="g">n-oclcserc</subfield>
  </datafield>
  <datafield tag="925" ind1="0" ind2=" ">
    <subfield code="a">Acquire</subfield>
    <subfield code="b">1 shelf copy</subfield>
    <subfield code="x">policy default 2019-12-30</subfield>
  </datafield>
  <datafield tag="955" ind1=" " ind2=" ">
    <subfield code="i">hk11 2019-12-30 to USSGD technician</subfield>
  </datafield>
</record>