
<record>
  <leader>04153cam a22004818i 4500</leader>
  <controlfield tag="001">21347483</controlfield>
  <controlfield tag="005">20200102154522.0</controlfield>
  <controlfield tag="008">191230s2020    nyu      b    001 0 eng  </controlfield>
  <datafield tag="906" ind1=" " ind2=" ">
    <subfield code="a">7</subfield>
    <subfield code="b">cbc</subfield>
    <subfield code="c">orignew</subfield>
    <subfield code="d">1</subfield>
    <subfield code="e">ecip</subfield>
    <subfield code="f">20</subfield>
    <subfield code="g">y-gencatlg</subfield>
  </datafield>
  <datafield tag="925" ind1="0" ind2=" ">
    <subfield code="a">acquire</subfield>
    <subfield code="b">1 shelf copy</subfield>
    <subfield code="x">policy default</subfield>
  </datafield>
  <datafield tag="955" ind1=" " ind2=" ">
    <subfield code="b">rf26 2019-12-30</subfield>
    <subfield code="d">rf26 2019-12-30 to SL</subfield>
    <subfield code="e">rf07 2019-12-31 (telework) to Dewey</subfield>
    <subfield code="w">xm09 2020-1-2</subfield>
  </datafield>
  <datafield tag="010" ind1=" " ind2=" ">
    <subfield code="a">  2019036456</subfield>
  </datafield>
  <datafield tag="020" ind1=" " ind2=" ">
    <subfield code="a">9780190844479</subfield>
    <subfield code="q">(hardback)</subfield>
  </datafield>
  <datafield tag="020" ind1=" " ind2=" ">
    <subfield code="z">9780190844486</subfield>
  </datafield>
  <datafield tag="020" ind1=" " ind2=" ">
    <subfield code="z">9780190844493</subfield>
    <subfield code="q">(epub)</subfield>
  </datafield>
  <datafield tag="020" ind1=" " ind2=" ">
    <subfield code="z">9780190063917</subfield>
  </datafield>
  <datafield tag="040" ind1=" " ind2=" ">
    <subfield code="a">DLC</subfield>
    <subfield code="b">eng</subfield>
    <subfield code="e">rda</subfield>
    <subfield code="c">DLC</subfield>
  </datafield>
  <datafield tag="042" ind1=" " ind2=" ">
    <subfield code="a">pcc</subfield>
  </datafield>
  <datafield tag="043" ind1=" " ind2=" ">
    <subfield code="a">n-us---</subfield>
    <subfield code="a">-us-ky</subfield>
  </datafield>
  <datafield tag="050" ind1="0" ind2="0">
    <subfield code="a">E445.K5</subfield>
    <subfield code="b">E56 2020</subfield>
  </datafield>
  <datafield tag="082" ind1="0" ind2="0">
    <subfield code="a">306.3/6209769</subfield>
    <subfield code="2">23</subfield>
  </datafield>
  <datafield tag="100" ind1="1" ind2=" ">
    <subfield code="a">Einboden, Jeffrey,</subfield>
    <subfield code="e">author.</subfield>
  </datafield>
  <datafield tag="245" ind1="1" ind2="0">
    <subfield code="a">Jefferson&apos;s Muslim fugitives :</subfield>
    <subfield code="b">the lost story of enslaved Africans, their Arabic letters, and an American president /</subfield>
    <subfield code="c">Jeffrey Einboden.</subfield>
  </datafield>
  <datafield tag="246" ind1="3" ind2="0">
    <subfield code="a">Lost story of enslaved Africans, their Arabic letters, and an American president</subfield>
  </datafield>
  <datafield tag="263" ind1=" " ind2=" ">
    <subfield code="a">2005</subfield>
  </datafield>
  <datafield tag="264" ind1=" " ind2="1">
    <subfield code="a">New York, NY :</subfield>
    <subfield code="b">Oxford University Press,</subfield>
    <subfield code="c">[2020]</subfield>
  </datafield>
  <datafield tag="300" ind1=" " ind2=" ">
    <subfield code="a">pages cm</subfield>
  </datafield>
  <datafield tag="336" ind1=" " ind2=" ">
    <subfield code="a">text</subfield>
    <subfield code="b">txt</subfield>
    <subfield code="2">rdacontent</subfield>
  </datafield>
  <datafield tag="337" ind1=" " ind2=" ">
    <subfield code="a">unmediated</subfield>
    <subfield code="b">n</subfield>
    <subfield code="2">rdamedia</subfield>
  </datafield>
  <datafield tag="338" ind1=" " ind2=" ">
    <subfield code="a">volume</subfield>
    <subfield code="b">nc</subfield>
    <subfield code="2">rdacarrier</subfield>
  </datafield>
  <datafield tag="504" ind1=" " ind2=" ">
    <subfield code="a">Includes bibliographical references and index.</subfield>
  </datafield>
  <datafield tag="505" ind1="0" ind2=" ">
    <subfield code="a">&quot;A Matter of Momentous Importance&quot; -- &quot;Beyond Oure Expressing&quot; -- &quot;The Original Treaty in Arabic&quot; -- &quot;Written in fair Arabic Characters&quot; -- &quot;I take Refuge with the Lord of Daybreak&quot; -- &quot;His name is &apos;Usman&quot; -- &quot;Combinations of Letters&quot; -- &quot;Go to Mecca; and God will Render you Victorious&quot; -- &quot;Wr s Unavdble&quot; -- &quot;Mr Jefferson is in Reality a Musselman&quot; -- &quot;The Prayer of the Poorest Slave of God&quot; -- &quot;The Runners&quot; -- &quot;Conquest is Close&quot; -- &quot;A Word of any Language&quot; -- &quot;Seven of the Arab Dialects&quot; -- &quot;Humanity certainly Pleads Loud&quot; -- &quot;Supposed to be Spys&quot; -- &quot;His Mountain is made a sort of Mecca&quot; -- &quot;A Sect by Myself&quot; -- &quot;Slave of the Most Merciful&quot; -- &quot;Their Eulogy will be Uttered in other Languages&quot; -- &quot;A Barely Discernible Horizon.&quot;</subfield>
  </datafield>
  <datafield tag="520" ind1=" " ind2=" ">
    <subfield code="a">&quot;On October 3, 1807, Thomas Jefferson was contacted by an unknown traveler from the American frontier, who urgently requested a private &quot;interview&quot; with the President, promising to disclose &quot;a matter of momentous importance&quot;. By the next day, Jefferson held in his hands two astonishing manuscripts whose history has been lost for over two centuries. Authored by Muslims fleeing captivity in rural Kentucky, these documents delivered to the President in 1807 were penned by literate African slaves, and written entirely in Arabic. Jefferson&apos;s Muslim Fugitives reveals the untold story of two escaped West Africans in the American heartland whose Arabic writings reached a sitting U.S. President, prompting him to intervene on their behalf. Recounting a quest for emancipation that crosses borders of race, region and religion, Jeffrey Einboden unearths Arabic manuscripts that circulated among Jefferson and his prominent peers, including a document from 1780s Georgia identified as the earliest surviving example of Muslim slave authorship in the newly-formed United States. Revealing Jefferson&apos;s lifelong entanglements with Islam and captivity, Jefferson&apos;s Muslim Fugitives tracks the ascent of Arabic slave writings to the highest halls of U.S. power, while questioning why such vital legacies from the American past have been entirely forgotten.&quot;--</subfield>
    <subfield code="c">Provided by publisher.</subfield>
  </datafield>
  <datafield tag="650" ind1=" " ind2="0">
    <subfield code="a">Fugitive slaves</subfield>
    <subfield code="z">Kentucky</subfield>
    <subfield code="x">History</subfield>
    <subfield code="y">19th century.</subfield>
  </datafield>
  <datafield tag="650" ind1=" " ind2="0">
    <subfield code="a">Muslims</subfield>
    <subfield code="z">Kentucky</subfield>
    <subfield code="x">History</subfield>
    <subfield code="y">19th century.</subfield>
  </datafield>
  <datafield tag="650" ind1=" " ind2="0">
    <subfield code="a">Slaves&apos; writings, American.</subfield>
  </datafield>
  <datafield tag="600" ind1="1" ind2="0">
    <subfield code="a">Jefferson, Thomas,</subfield>
    <subfield code="d">1743-1826</subfield>
    <subfield code="x">Correspondence.</subfield>
  </datafield>
  <datafield tag="600" ind1="1" ind2="0">
    <subfield code="a">Jefferson, Thomas,</subfield>
    <subfield code="d">1743-1826</subfield>
    <subfield code="x">Friends and associates.</subfield>
  </datafield>
  <datafield tag="600" ind1="1" ind2="0">
    <subfield code="a">Jefferson, Thomas,</subfield>
    <subfield code="d">1743-1826</subfield>
    <subfield code="x">Relations with African Americans.</subfield>
  </datafield>
  <datafield tag="600" ind1="1" ind2="0">
    <subfield code="a">Nash, Ira P.,</subfield>
    <subfield code="d">1774-1844</subfield>
    <subfield code="x">Correspondence.</subfield>
  </datafield>
  <datafield tag="650" ind1=" " ind2="0">
    <subfield code="a">African American Muslims</subfield>
    <subfield code="z">Kentucky</subfield>
    <subfield code="x">History.</subfield>
  </datafield>
  <datafield tag="650" ind1=" " ind2="0">
    <subfield code="a">Slavery</subfield>
    <subfield code="x">Political aspects</subfield>
    <subfield code="z">United States</subfield>
    <subfield code="x">History</subfield>
    <subfield code="y">19th century.</subfield>
  </datafield>
  <datafield tag="776" ind1="0" ind2="8">
    <subfield code="i">Online version:</subfield>
    <subfield code="a">Einboden, Jeffrey,</subfield>
    <subfield code="t">Jefferson&apos;s Muslim fugitives</subfield>
    <subfield code="d">New York, NY : Oxford University Press, [2020]</subfield>
    <subfield code="z">9780190844486</subfield>
    <subfield code="w">(DLC) 2019036457</subfield>
  </datafield>
</record>